3200 5034
574 448 605 502 X.
625 448 669 502 De
688 448 924 505 61111637-38.
1027 482 1028 488 1
1261 450 1324 515 365

181 624 295 689 aetatis
327 624 428 707 spatia
457 624 623 708 procedere
654 629 686 690 et
715 625 799 689 uarie
830 645 885 709 per
916 625 1090 689 accidentia
1115 625 1246 690 euadere
1269 643 1325 709 pro

182 730 313 810 artibus,
335 748 390 812 pro
406 730 570 811 institutis,
590 748 646 813 pro
661 731 747 811 locis,
762 748 818 813 pro
835 730 1090 795 dominatricibus
1106 731 1326 814 potestatibus,

182 834 267 916 quod
289 838 397 899 tamen
419 834 514 898 faciat
536 835 576 898 ad
598 834 701 900 carnis
723 835 909 918 animaeque
924 836 1116 920 propositam
1131 854 1214 901 nuno
1229 837 1327 900 socie-

182 942 297 1020 tatem,
330 938 531 1022 pubertatem
565 958 686 1022 quoque
717 940 888 1004 animalem
918 959 990 1004 eum
1020 941 1137 1006 carnali
1167 938 1324 1024 dicimus!

76 1047 171 1104 [150
185 1044 351 1109 conuenire
374 1046 552 1128 pariterque
575 1048 607 1108 et
629 1045 718 1109 illam
740 1049 892 1129 suggestu
915 1065 1065 1110 sensuum
1088 1049 1119 1110 et
1142 1046 1236 1110 istam
1255 1063 1327 1130 pro·
1367 1071 1380 1110 6

184 1169 276 1214 66661
305 1150 520 1215 membrorum
547 1169 713 1234 exsurgere
736 1168 755 1214 a
777 1153 887 1232 quarto
911 1151 1030 1216 decimo
1053 1153 1118 1217 fero
1142 1170 1234 1233 anno,
1265 1169 1327 1216 non
1472 1137 1474 1141 ’

184 1257 259 1337 quia
280 1254 484 1339 Asclepiades
514 1255 585 1318 inde
616 1255 802 1338 sapientiam
830 1259 990 1339 supputat,
1020 1275 1078 1320 nec
1101 1257 1172 1338 quia
1193 1256 1262 1321 iura
1285 1256 1328 1319 oi-

184 1361 260 1424 uilia
281 1360 396 1425 abhinc
419 1360 549 1445 agendis
571 1361 666 1425 rebus
689 1361 917 1444 adtemperant,
949 1361 1004 1426 sed
1027 1361 1175 1443 quoniam
1198 1365 1230 1426 et
1251 1361 1328 1425 haec

185 1465 224 1528 de
253 1465 420 1548 primordio
450 1466 529 1530 ratio
560 1468 617 1530 est.
664 1466 691 1529 si
722 1466 806 1529 enim
828 1464 933 1530 Adam
964 1469 995 1530 et
1016 1466 1084 1531 Eua
1111 1486 1146 1530 61
1170 1467 1328 1550 agnitione
1413 1547 1416 1552 y

184 1569 260 1635 boni
283 1574 313 1635 et
336 1571 412 1635 mali
434 1571 581 1654 pudenda
602 1574 707 1654 tegere
731 1575 906 1653 senserunt,
935 1591 971 1635 61
994 1589 1054 1654 quo
1076 1572 1109 1636 id
1130 1572 1235 1656 ipsum
1258 1591 1329 1636 sen·
1357 1596 1381 1632 ιο

185 1675 295 1755 timus,
317 1675 511 1759 agnitionem
532 1675 608 1740 boni
631 1678 663 1739 61
678 1676 754 1740 mali
768 1676 961 1758 profitemur.
997 1676 1036 1740 ab
1051 1676 1101 1740 his
1117 1679 1223 1741 autem
1239 1677 1329 1740 annis

186 1784 219 1844 et
242 1779 387 1845 suffusior
410 1785 442 1845 et
463 1781 605 1846 uestitior
628 1800 720 1846 serus
743 1785 802 1862 est,
833 1783 865 1845 et
887 1781 1138 1864 concupiscentia
1160 1781 1257 1845 oculis
1280 1799 1330 1845 ar-

184 1884 278 1950 bitris
298 1885 398 1950 utitur
416 1889 448 1951 et
463 1886 675 1951 communicat
696 1886 850 1969 placitum
873 1889 904 1951 61
925 1886 1080 1970 intellegit
1101 1904 1180 1969 quae
1203 1887 1267 1950 sint
1289 1906 1329 1947 161

186 1993 219 2054 61
249 1990 327 2054 fines
358 2008 430 2054 suos
462 1991 501 2055 ad
528 1990 627 2055 instar
653 1990 807 2055 ficulneae
835 2011 855 2051 11
882 1991 1075 2075 contagionis
1098 1991 1257 2076 prurigine
1280 2008 1331 2054 ac-

186 2095 286 2179 cingit
308 2098 340 2159 et
362 2095 524 2160 hominem
547 2096 585 2160 de
607 2095 751 2178 paradiso
774 2095 964 2179 integritatis
988 2095 1100 2176 educit,
1131 2095 1239 2160 exinde
1262 2113 1331 2159 sca·
1358 2119 1382 2156 15

184 2200 262 2264 bida
274 2200 371 2265 etiam
380 2201 414 2265 in
425 2204 544 2265 ceteras
556 2201 663 2283 culpas
676 2204 708 2264 et
722 2200 925 2282 delinquendi
940 2217 1003 2264 non
1018 2200 1179 2265 naturales
1192 2220 1243 2280 161,
1260 2218 1332 2264 oum

186 2305 253 2369 iam
282 2323 345 2370 non
375 2325 412 2370 61
442 2306 583 2370 inst‘tuto
606 2308 746 2387 natmae,
777 2305 833 2369 sed
856 2325 893 2368 61
915 2305 1001 2369 uitio.
1048 2307 1187 2369 ceterum
1209 2304 1331 2387 proprie

187 2410 342 2474 naturalis
377 2411 629 2492 eoncupiscentia
662 2410 755 2475 unica
789 2413 838 2474 est
871 2409 1091 2474 alimentorum
1126 2409 1331 2489 solummodo,

189 2535 285 2598 quam
308 2516 384 2581 deus
413 2517 498 2580 etin
520 2516 688 2599 primordio
711 2516 857 2581 contulit:
886 2535 927 2579 61
950 2515 1049 2580 omni
1070 2515 1189 2599 ligno,
1219 2514 1331 2595 inquit,

190 2620 325 2702 edetis,
348 2623 380 2684 61
402 2620 558 2685 6661111166
581 2624 652 2704 post
675 2621 831 2685 diluuium
853 2621 1014 2703 geniturae
1031 2638 1254 2703 supermensus
1271 2621 1332 2682 est:
1359 2641 1385 2680 no

190 2743 275 2789 6666
298 2725 383 2790 1611
405 2725 514 2790 uobis
534 2726 657 2790 omnia
671 2726 709 2789 11
725 2743 848 2789 escam
866 2727 1057 2806 tamquam
1072 2724 1201 2788 holera
1216 2723 1333 2803 faeni,

187 2833 391 2912 prospectans
414 2849 477 2895 non
499 2834 565 2895 tam
588 2830 711 2894 animae
734 2847 829 2912 quam
849 2829 945 2909 carni,
969 2829 1028 2892 6161
1042 2831 1168 2912 propter
1184 2827 1332 2892 animam.

190 2936 358 3000 auferenda
390 2939 439 3000 est
469 2935 555 2999 enim
584 2935 847 3018 argumentatoris
874 2933 1011 3014 occasio,
1046 2934 1098 3015 qui
1122 2933 1205 3015 quod
1228 2933 1334 2996 anima

190 3040 366 3104 desiderare
397 3040 540 3104 uideatur
570 3040 728 3120 alimenta,
758 3039 832 3102 hino
860 3055 982 3121 quoquo
1006 3039 1172 3102 mortalem
1195 3055 1265 3101 eam
1288 3038 1334 3100 ln-

188 3145 297 3229 tellegi
330 3146 430 3228 cupit,
465 3163 543 3226 quae
578 3145 654 3208 cibis
689 3145 895 3225 sustineatur,
933 3143 1067 3226 denique
1101 3143 1256 3226 derogatis
1290 3127 1333 3205 eis
1361 3165 1386 3205 25

191 3250 363 3333 euigeseat,
397 3253 555 3333 postremo
586 3249 754 3313 subtractis
783 3249 960 3313 1116161161.
1017 3266 1108 3330 porro
1139 3266 1201 3311 non
1232 3247 1333 3310 solum

189 3355 427 3438 proponendum
443 3360 501 3436 est,
517 3355 664 3436 quisnam
680 3373 717 3418 ea
732 3354 896 3434 desideret,
913 3354 967 3417 sed
984 3357 1015 3417 61
1030 3353 1096 3426 cui;
1120 3354 1152 3415 61
1167 3351 1195 3414 61
1210 3352 1335 3434 propter

191 3479 235 3541 se,
266 3461 321 3524 scd
352 3464 383 3524 61
414 3478 468 3523 661
495 3463 527 3523 61
549 3459 673 3541 quando
697 3462 728 3522 61
751 3476 886 3548 quonam
909 3477 1023 3539 usque;
1054 3461 1124 3520 tum
1146 3456 1229 3537 quod
1252 3455 1335 3518 aliud
1446 3541 1448 3545 Ι

297 3642 341 3711 19]
361 3641 426 3697 Gen.
439 3643 464 3703 2,
479 3643 519 3696 16.
572 3641 619 3710 21]
638 3640 702 3695 ibid.
716 3644 741 3706 9,
754 3642 778 3695 3.

237 3808 383 3880 luaripA
436 3806 583 3878 accidentiq
601 3808 708 3863 Acorr.
764 3805 845 3873 aqm
862 3805 898 3873 A,
917 3804 1028 3873 quodB
1080 3802 1294 3872 9aprimordio
1307 3804 1334 3857 A

191 3914 260 3951 euua
277 3898 305 3952 A
359 3899 392 3952 10
410 3912 440 3949 61
458 3912 510 3965 quo
528 3895 556 3949 id
568 3896 605 3965 B,
622 3897 649 3949 et
667 3893 754 3963 quoad
770 3894 798 3947 A
853 3895 885 3948 13
904 3894 1030 3948 16666616
1047 3891 1218 3962 significent:
1235 3891 1334 3944 instru-

191 3987 284 4038 menta
294 3987 339 4040 661
349 3985 438 4041 simile
460 3984 528 4054 quid
544 3983 683 4039 intercidit
737 3980 866 4050 141166]
884 3979 959 4033 sinus
977 3979 1121 4034 Hurtclius
1138 3981 1217 4034 66116
1236 3980 1335 4033 166666

191 4078 303 4142 6666616
359 4069 787 4140 16666661666116166661
805 4068 893 4123 simile
911 4067 978 4136 quid
995 4067 1134 4122 1616161111
1197 4065 1334 4134 prurigine

191 4161 273 4229 Bmp,
291 4158 414 4229 purigina
426 4158 481 4212 AB
537 4160 569 4212 16
587 4154 783 4210 61-1611116166
802 4174 853 4212 om.
866 4156 921 4226 Rip
975 4152 1139 4221 delinquenti
1152 4154 1208 4207 166
1260 4155 1335 4208 lucu·

190 4265 257 4301 6661
274 4247 445 4316 significant:
466 4245 582 4298 rationes
605 4246 649 4299 661
667 4243 787 4297 11166661
805 4241 897 4295 modos
916 4241 1335 4296 66161616166616116611661

192 4333 363 4389 1661166161
417 4335 448 4387 17
471 4331 606 4385 institutio
631 4332 658 4385 A
711 4332 742 4385 21
766 4329 840 4400 olera
858 4330 885 4383 A
941 4330 975 4384 22
995 4335 1166 4397 prospectans
1188 4329 1253 4382 Urs:
1275 4341 1334 4395 pro-

192 4425 312 4490 spectam
330 4420 394 4490 AB,
417 4421 588 4488 prospectum
609 4419 658 4474 Gal
719 4420 753 4472 23
772 4417 998 4484 argumentatoris
1015 4417 1044 4470 A
1096 4418 1129 4470 25
1149 4413 1222 4483 cybis
1240 4416 1268 4468 A

1318 4481 1323 4512 l

1324 4523 1328 4538 1
