3200 5034
262 397 325 461 216
491 397 607 463 Quinti
626 396 765 466 Septimi
782 396 951 450 Plorantis
969 395 1170 450 Tertulliani

261 575 446 657 posueris,
469 593 513 638 ne
536 574 743 657 participes
767 572 894 637 aliena
916 572 1063 637 delicta.
1098 571 1126 636 si
1148 570 1312 654 Philippus
1334 574 1402 635 tam
1514 628 1517 637 Δ

261 678 352 741 facile
384 678 476 743 tinxit
506 679 698 758 eunuchum,
731 678 941 760 recogitemus
972 676 1172 741 manifestam
1202 678 1234 739 ct
1264 678 1401 739 exertam

262 782 474 865 dignationem
494 782 613 848 domini
630 782 855 847 intercessisse.
895 782 1023 864 spiritus
1039 780 1183 863 Philippo
1202 783 1403 863 praeceperat

262 887 294 950 in
311 905 381 949 eam
396 887 482 950 uiam
497 888 694 970 pertendero;
718 886 814 969 spado
836 889 868 950 et
886 887 953 970 ipse
968 886 1116 949 inuentus
1133 889 1181 950 est
1196 903 1259 949 non
1274 885 1402 965 otiosus,

223 1017 236 1055 s
262 1008 319 1055 nec
346 991 400 1072 qui
426 991 529 1055 subito
556 992 658 1075 tingui
684 991 932 1074 concupisceret,
964 991 1019 1055 sed
1049 991 1088 1055 ad
1114 990 1269 1072 templum
1294 989 1403 1053 orandi

262 1095 363 1184 gratia
381 1096 538 1176 proiectus
561 1097 731 1177 scripturae
754 1096 879 1159 diuinae
902 1096 1074 1179 impressus
1098 1096 1143 1158 sic
1165 1093 1329 1178 oportebat
1350 1094 1402 1157 do-

262 1199 382 1282 prendi,
405 1200 456 1263 cui
474 1201 556 1263 ultro
577 1200 653 1263 deus
674 1200 850 1283 apostolum
870 1200 1008 1280 miserat,
1032 1218 1126 1282 quem
1144 1218 1253 1263 rursus
1277 1199 1402 1282 spiritus

262 1308 298 1367 ut
318 1323 351 1367 se
371 1304 524 1368 curriculo
545 1305 679 1368 eunuchi
699 1305 884 1388 adiungeret
903 1304 1012 1369 iussit:
1037 1305 1190 1385 scriptura
1209 1304 1308 1386 ipsius
1330 1302 1403 1367 fidei

263 1409 397 1472 occurrit
418 1409 451 1471 iu
474 1412 625 1491 tempore,
649 1410 829 1473 exhortatus
853 1409 1036 1488 adsumitur,
1061 1408 1205 1472 dominus
1220 1408 1401 1487 ostenditur,

212 1540 237 1577 10
262 1511 339 1575 fides
372 1530 434 1576 non
462 1516 617 1593 moratur,
649 1530 731 1594 aqua
760 1530 823 1576 non
854 1515 1048 1595 expectatur,
1080 1512 1237 1594 apostolus
1268 1512 1422 1601 perfecto,

262 1616 387 1699 negotio
411 1617 551 1699 cripitur.
596 1618 652 1681 sed
679 1620 710 1681 et
733 1617 851 1681 Paulus
878 1634 997 1700 reuera,
1016 1617 1077 1681 cito
1100 1617 1216 1681 tinctus
1241 1619 1298 1679 est.
1343 1615 1402 1679 cito

263 1721 348 1784 enim
374 1725 564 1803 cognouerat
590 1720 698 1785 Simon
725 1721 840 1803 hospes
867 1739 924 1785 uas
953 1740 1025 1785 eum
1052 1740 1120 1785 esse
1148 1720 1309 1784 electionis
1333 1736 1404 1783 con-

263 1826 419 1888 stitutum.
466 1826 515 1889 dei
544 1826 683 1908 dignatio
714 1844 787 1889 suas
817 1826 992 1907 praemittit
1020 1826 1269 1910 praerogatiuam
1303 1825 1402 1889 omnis

262 1930 372 2010 petitio
396 1931 428 1993 et
449 1930 589 2012 decipere
613 1934 644 1994 et
667 1930 767 2012 decipi
788 1934 900 2012 potest.
946 1932 1052 2012 itaque
1078 1949 1134 2012 pro
1161 1931 1310 2012 cuiusque
1335 1949 1402 2011 por-

212 2059 236 2098 15
264 2052 358 2097 sonae
373 2034 552 2113 condicione
568 2053 604 2098 ac
620 2035 831 2117 dispositione,
849 2036 943 2100 etiarn
957 2039 1068 2115 aetate
1085 2036 1242 2100 cunctatio
1257 2034 1403 2118 baptismi

264 2139 369 2202 utihor
386 2142 443 2218 est,
466 2140 631 2221 praecipue
651 2143 760 2204 tamen
779 2140 861 2204 circa
875 2140 1033 2222 paruulos.
1072 2140 1146 2222 quid
1166 2141 1250 2204 enim
1270 2158 1403 2219 necesse,

265 2244 466 2306 cononum
488 2262 616 2307 necesse
645 2248 707 2324 est,
735 2263 901 2327 sponsores
929 2245 1025 2309 etiarn
1047 2245 1185 2326 periculo
1212 2245 1325 2328 ingeri,
1353 2244 1403 2326 qui

265 2351 297 2411 et
323 2348 383 2429 ipsi
409 2367 465 2429 per
487 2348 712 2412 mortalitatem
736 2349 906 2413 destituere
930 2349 1153 2431 promissiones
1181 2367 1254 2412 suas
1277 2351 1405 2431 possunt

266 2455 298 2515 et
319 2456 475 2534 prouentu
499 2453 600 2515 malae
622 2453 734 2517 indolis
758 2454 846 2517 falli?
892 2454 937 2517 ait
959 2454 1085 2535 quidem
1109 2454 1267 2518 dominns:
1291 2453 1403 2517 nolite

213 2581 239 2619 20
265 2557 353 2620 illos
382 2556 580 2638 prohibero
612 2557 656 2620 ad
684 2577 739 2621 me
769 2558 907 2622 uenire.
954 2558 1083 2623 ueniant
1114 2576 1201 2641 crgo,
1233 2559 1307 2622 dum
1334 2557 1404 2621 ado-

170 2693 179 2744 ῃ
264 2662 401 2733 lesount;
436 2662 581 2741 ueniant,
612 2662 686 2726 dum
716 2662 856 2742 discunt,
887 2662 962 2726 dum
993 2680 1054 2745 quo
1085 2663 1215 2727 ueniant
1237 2662 1402 2735 docentum

264 2764 342 2828 fiant
365 2764 545 2846 Christiani,
574 2785 647 2829 oum
671 2766 830 2830 Christum
854 2786 946 2830 nosse
969 2767 1137 2849 potuerint.
1185 2767 1259 2849 quid
1282 2768 1405 2830 festinat

265 2870 415 2933 innocens
447 2873 532 2933 aetas
564 2871 602 2933 ad
632 2871 849 2935 remissionem
879 2874 1101 2953 pcccatorum?
1148 2872 1270 2935 cautius
1300 2874 1405 2954 agetur

266 2975 298 3037 in
322 2975 542 3055 saecularibus
570 2979 606 3039 ut
629 2976 679 3039 cui
702 2976 880 3040 substantia
902 2980 1026 3040 terrena
1049 2994 1111 3040 non
1134 2977 1280 3055 creditur,
1303 2976 1406 3040 diuina

214 3105 240 3144 25
267 3079 431 3142 credatur?
467 3080 571 3144 norint
597 3083 702 3161 petere
730 3081 882 3161 salutem,
913 3084 948 3145 ut
969 3081 1090 3162 petenti
1118 3080 1239 3145 dedisse
1265 3080 1405 3144 uideatis.

267 3202 330 3247 non
353 3183 471 3247 minore
494 3184 532 3246 de
556 3203 650 3248 causa
672 3186 797 3267 innupti
820 3204 941 3268 quoque
961 3185 1218 3268 procrastinandi,
1241 3187 1274 3249 in
1298 3184 1406 3267 quibus

267 3289 432 3370 temptatio
451 3292 638 3370 praeparata
658 3293 706 3353 est
726 3293 792 3353 tam
813 3288 987 3374 uirginibus
1009 3310 1064 3373 per
1082 3290 1295 3354 maturitatem
1316 3307 1407 3372 quam

266 3392 370 3456 uiduis
386 3411 442 3473 per
457 3394 663 3473 uacationem,
687 3395 784 3458 donoc
800 3398 856 3458 aut
871 3395 991 3459 nubant
1011 3397 1066 3459 aut
1085 3395 1294 3459 continentiae
1310 3410 1408 3457 corro-

267 3497 425 3560 borentur.
447 3498 474 3560 si
487 3498 540 3579 qui
551 3498 672 3580 pondus
684 3498 870 3583 intellegant
881 3499 1041 3582 baptismi,
1057 3499 1159 3582 magis
1172 3498 1328 3562 timebunt
1338 3516 1409 3561 cou-

216 3628 242 3666 ao
269 3602 463 3665 secutionem
482 3620 577 3683 quam
597 3602 794 3678 dilationem
816 3603 893 3667 fidos
914 3603 1038 3687 integra
1057 3621 1166 3667 secura
1186 3605 1234 3666 est
1250 3598 1287 3666 do
1301 3603 1408 3666 salute.

374 3721 418 3790 ro]
437 3722 534 3776 nanu
550 3725 645 3787 1o,14.

311 3828 328 3879 4
351 3826 508 3895 pertendere
535 3828 600 3882 Urs:
621 3826 794 3895 praetendere
817 3830 844 3881 Β
916 3831 932 3883 6
955 3826 1084 3897 deprendi
1111 3829 1145 3897 B,
1174 3826 1335 3897 deprehendi
1357 3830 1410 3899 Rip

270 3916 300 3969 11
324 3913 425 3966 tinctus
449 3916 534 3968 Pam:
557 3916 656 3968 unctus
678 3916 706 3968 Β
778 3918 811 3970 12
835 3915 928 3969 Simon
950 3917 985 3985 B,
1008 3914 1090 3969 Iudas
1114 3918 1193 3985 Pam,
1215 3914 1334 3969 Ananias
1356 3917 1411 3971 Lot

270 4002 302 4054 15
321 4015 351 4052 ac
372 4000 436 4054 Get:
455 4017 471 4052 a
488 4002 516 4054 Β
571 4003 604 4055 16
623 4016 728 4054 necesse
747 4003 787 4054 cst
806 4003 877 4056 Pom
934 4004 965 4057 17
985 4002 1008 4055 si
1026 4018 1081 4055 non
1098 4004 1154 4056 tam
1173 4018 1279 4056 neccsse
1297 4022 1348 4059 om.
1364 4002 1412 4057 ceo

154 4097 157 4102 ’
268 4086 361 4155 ingeri,
385 4087 431 4153 qui
456 4088 519 4142 Get:
540 4087 647 4156 integri,
671 4088 735 4155 quid
752 4090 788 4155 B,
812 4088 917 4157 ingeri?
936 4089 998 4157 quia
1020 4091 1072 4145 Urs
1144 4092 1177 4145 19
1197 4092 1331 4158 prouentu
1351 4089 1412 4145 ceo.-

268 4175 429 4241 prouentum
442 4174 469 4227 Β
525 4174 636 4241 22quid
651 4174 796 4242 Get-quod
809 4176 836 4230 Β
892 4179 926 4232 24
938 4178 969 4229 ut
980 4179 1016 4245 B,
1030 4192 1078 4230 nec
1089 4178 1152 4244 fort.
1218 4178 1252 4232 25
1264 4178 1411 4247 iuterroga-

268 4257 351 4315 tionis
368 4262 477 4329 siguum
493 4263 589 4329 posuit
610 4261 754 4315 Hortcltus
824 4263 925 4330 petenti
952 4263 1015 4318 Get:
1041 4262 1149 4331 petendi
1175 4264 1204 4317 Β
1276 4265 1310 4319 28
1336 4278 1411 4316 uaca-

268 4347 369 4403 tionem
391 4350 456 4405 Urs:
473 4348 647 4422 negationem=
661 4350 688 4402 Β
741 4351 827 4403 aetate
847 4349 1050 4404 corroborentur
1067 4353 1131 4421 fori.
