3200 5034
739 749 802 823 ΙΙΙ.

385 946 461 1062 llll
499 945 793 1064 NATIONES
831 947 993 1064 LIBRI
1030 947 1158 1066 DUO.

598 1337 741 1404 LIBER
763 1337 947 1406 PRIMUS.

123 1557 173 1612 f.1
246 1548 274 1614 1.
299 1523 532 1614 Testimonium
548 1547 751 1634 ignolrantiae
770 1553 907 1631 uestrae,
931 1568 1010 1632 quae
1030 1549 1035 1636 l
1054 1551 1254 1634 iniquitatem
1269 1555 1344 1618 dum

200 1652 359 1740 defenldit‚
384 1655 524 1735 reuincit‚
547 1655 581 1718 in
603 1657 750 1737 promptu
774 1658 832 1736 est,
853 1653 858 1740 Ι
878 1656 960 1737 quod
983 1674 1092 1720 omnes
1111 1657 1166 1738 qui
1181 1658 1343 1722 uobiscum

200 1763 283 1824 retro
306 1758 494 1842 ignorabant
517 1762 549 1823 et
568 1758 732 1822 uobiscum
748 1759 889 1839 oderant,
910 1757 914 1844 Ι
935 1760 1030 1823 simul
1046 1761 1090 1824 eis
1106 1754 1245 1844 contigit
1254 1762 1343 1842 scire,
1383 1788 1396 1827 5

201 1864 349 1928 desinunt
372 1863 474 1927 odisse
503 1863 576 1945 quia
603 1863 751 1928 desinunt
779 1863 934 1946 ignorare,
968 1864 1066 1930 immo
1091 1862 1095 1949 Ι
1120 1865 1200 1930 fiunt
1226 1870 1258 1929 et
1284 1865 1345 1947 ipsi

201 1969 283 2051 quod
307 1969 437 2033 oderant
460 1971 492 2032 et
513 1968 668 2050 incipiunt
690 1968 791 2031 odisse
816 1969 899 2049 quod
921 1969 1055 2033 fuerant.
1101 1970 1178 2034 adeo
1201 1968 1345 2055 quottidie

200 2074 434 2138 adolescentem
473 2090 640 2136 numerum
679 2072 929 2138 Christianorum
966 2074 1143 2157 ingemitis,
1181 2074 1344 2139 obsessam

200 2175 425 2262 uooilferamini
447 2178 618 2258 ciuitatem,
648 2177 682 2241 in
706 2177 799 2260 agris,
831 2178 864 2241 in
887 2179 1036 2259 castellio,
1063 2179 1096 2242 in
1118 2180 1231 2244 insulis
1256 2178 1344 2244 chri-

201 2284 337 2357 stianos3
373 2299 499 2347 omnem
527 2281 531 2366 Ι
559 2301 679 2362 serum,
714 2300 842 2346 omnem
872 2286 1020 2364 aetatem,
1055 2300 1181 2348 omnem
1212 2285 1344 2366 denique
1372 2310 1397 2349 lo

201 2386 390 2470 dignitatem
413 2386 591 2468 transgredi
614 2403 632 2449 a
654 2385 744 2450 uobis
768 2387 860 2469 quasi
879 2383 884 2471 Ι
904 2387 1092 2452 detrimento
1115 2388 1238 2452 doletis.
1287 2406 1345 2452 nec

201 2496 310 2556 tamen
338 2491 397 2555 hoc
424 2491 492 2573 ipso
516 2491 555 2554 ad
578 2490 832 2556 aestimationem
855 2492 986 2555 adonius
1008 2493 1136 2556 latentis
1159 2491 1233 2556 boni
1252 2494 1257 2578 Ι
1277 2493 1345 2556 ani-

201 2614 270 2661 mos
293 2597 494 2679 promouetis.
540 2613 603 2660 non
626 2596 700 2659 licet
721 2597 837 2660 rectius
861 2597 1023 2681 suspicari,
1047 2615 1110 2661 non
1125 2597 1203 2661 libet
1217 2598 1344 2681 propius

201 2701 346 2784 experiri3
368 2699 372 2786 Ι
392 2701 444 2764 hic
460 2703 585 2764 tantum
599 2700 763 2764 curiositas
779 2701 920 2765 humana
934 2702 1091 2784 torpescit.
1131 2702 1245 2767 amatis
1257 2702 1345 2784 igno-

200 2824 270 2870 rare
293 2805 375 2887 quod
398 2805 451 2869 alii
470 2803 474 2890 l
495 2805 653 2888 gaudeant
675 2805 849 2879 inuenisse3
873 2807 1022 2870 mauultis
1037 2806 1169 2887 nescire,
1193 2806 1265 2888 quia
1279 2808 1343 2870 iam
1371 2831 1396 2871 15

200 2913 322 2992 odistis
343 2909 348 2996 Ι
368 2911 458 2993 quasi
481 2915 564 2975 certe
587 2928 650 2975 non
673 2911 812 2975 odituros
828 2927 885 2974 uos
901 2912 1016 2975 sciatis.
1056 2912 1164 2993 atquin
1180 2912 1207 2976 si
1222 2911 1345 2975 nullum

201 3017 262 3080 erit
291 3016 440 3080 meritum
470 3015 541 3095 odii,
575 3012 757 3100 repelrietur
787 3015 943 3098 optimum
976 3017 1085 3098 utique
1118 3016 1158 3080 ab
1192 3015 1345 3080 iniustitia

200 3121 303 3204 priore
327 3120 499 3185 discedere:
531 3120 579 3184 sin
603 3137 676 3183 uero
701 3117 805 3204 caulsa
828 3120 1015 3201 constiterit,
1050 3121 1127 3184 nihil
1150 3120 1220 3184 odio
1243 3121 1345 3185 detra

200 3227 303 3305 hetur,
335 3225 415 3306 quod
445 3225 522 3288 adeo
553 3224 688 3306 amplius
718 3224 855 3288 iustitiae
875 3225 880 3305 Ι
904 3225 1096 3289 conscientia
1123 3224 1344 3289 cumulabitur.

201 3331 262 3394 nisi
290 3331 317 3394 si
340 3329 500 3393 emendari
522 3328 629 3413 pudet,
653 3331 708 3392 aut
731 3329 872 3392 excusari
894 3330 990 3412 piget.
1033 3327 1038 3414 1
1081 3329 1144 3393 scio
1166 3330 1259 3412 plane
1282 3347 1345 3411 qua
1371 3353 1397 3392 ro

200 3434 403 3518 responsione
427 3435 533 3498 soletis
556 3432 782 3497 redundantiae
806 3436 930 3496 nostroe
954 3434 1171 3498 testimonium
1200 3437 1204 3513 Ι
1232 3452 1345 3498 conue-

200 3540 281 3603 nire:
313 3557 375 3602 non
398 3539 505 3620 utique
529 3556 564 3603 eo
586 3537 705 3601 bonum
728 3538 943 3620 praeiudicari,
973 3538 1048 3619 quia
1076 3539 1242 3620 plerosque
1272 3555 1345 3602 con-

200 3641 314 3728 uerltat
338 3646 370 3707 et
392 3642 452 3706 sibi
474 3641 586 3725 rapiat,
613 3642 750 3723 inquitis.
798 3642 873 3706 noui
902 3642 1150 3706 demutationem
1172 3642 1289 3707 mentis
1312 3642 1345 3705 in

200 3748 301 3813 malas
324 3750 438 3829 partes.
471 3745 476 3832 Ι
508 3749 584 3828 quot
605 3746 780 3810 desertores
803 3746 904 3810 bonae
927 3746 1033 3810 uitae?
1064 3749 1141 3828 quot
1162 3746 1344 3830 transfugae

244 3956 261 4010 3
278 3953 628 4024 Testimonium-promtu
640 3956 776 4011 estmiuo‘o
785 3955 975 4010 dundolibao
985 3955 1082 4010 littoris
1091 3955 1118 4009 A
1171 3956 1308 4024 Apromtu
1318 3956 1345 4010 A

200 4046 216 4098 6
235 4042 298 4111 quia
310 4043 350 4096 M.
361 4043 581 4098 Kluosmuuuue:
599 4043 644 4111 qui
656 4043 683 4097 A
737 4046 754 4099 8
772 4042 960 4096 cristianorum
979 4043 1007 4109 (a
1023 4059 1056 4097 coo
1073 4058 1092 4094 n
1109 4043 1306 4111 semiperfecto)
1317 4043 1345 4097 A

200 4132 232 4185 11
258 4129 291 4182 de
314 4128 476 4183 detrimento
502 4132 575 4198 sort,
603 4129 796 4182 detrimentum
823 4131 968 4185 Hartcliuo
1035 4130 1066 4183 12
1093 4128 1291 4182 estimationem
1317 4130 1344 4184 A

201 4219 235 4272 16
253 4216 336 4285 certe]
355 4221 425 4269 certe
444 4216 556 4270 seientes
573 4219 647 4285 fort,
665 4218 736 4269 recte
749 4217 893 4271 Hortcliue
948 4219 978 4271 17
998 4215 1125 4269 meritum
1141 4216 1254 4270 addidi:
1271 4215 1345 4270 debi-

199 4306 260 4356 tum
273 4309 339 4373 post
355 4302 485 4357 odiiadd.
504 4302 629 4358 Oclelorue
682 4302 887 4370 repperieturA
943 4306 974 4358 19
987 4302 1133 4356 iniustitiae
1146 4302 1257 4356 scientia
1271 4303 1343 4360 cocu

200 4391 234 4445 24
247 4391 331 4461 priore
348 4389 424 4459 quot]
444 4388 515 4459 quod
533 4391 560 4444 A
578 4407 646 4447 corr.
700 4389 840 4458 transfugo
858 4391 886 4444 A
