3200 5034
605 447 636 500 V.
656 447 828 517 Scorpione
849 427 957 504 11-12.
1297 451 1357 514 173

215 621 325 684 timor
352 639 508 705 poenam
535 621 663 703 habet,
696 625 731 685 11
757 624 820 704 qui
846 624 956 687 timet
981 642 1052 687 non
1081 628 1139 687 est
1165 626 1357 707 perlectus

214 725 250 787 in
277 725 506 810 [dilectione.
554 745 646 808 quem
670 726 818 791 timorem
839 728 980 811 intellegi
1002 730 1152 809 praestet,
1179 728 1239 793 nisi
1261 747 1358 813 nega-

214 829 307 893 tionis
329 833 526 915 Lauotopem?
573 848 668 912 quam
684 830 891 895 'dilectionem
914 832 1085 914 perfectam
1114 832 1268 914 adfirmat,
1296 834 1357 897 nisi

215 933 400 1016 fugatricem
427 935 565 1019 timpopis
593 938 625 999 et
652 935 871 999 animatricem
898 936 1124 1000 confessionis?
1170 955 1231 1019 qua
1256 955 1358 1019 poena

214 1036 368 1124 timorqm
392 1040 520 1124 puniat„
544 1041 605 1103 nisi
628 1058 722 1121 quam
743 1044 874 1123 negator
892 1041 1048 1105 relaturus
1069 1045 1118 1105 est
1136 1059 1209 1105 cum
1230 1059 1357 1125 corpore
1396 1069 1409 1108 5

215 1144 246 1205 et
266 1144 379 1227 anima
399 1144 594 1228 occidendus
614 1145 647 1208 in
666 1144 831 1228 gehenna?
863 1146 973 1226 quodsi
988 1163 1043 1228 pro
1059 1145 1220 1226 fratribus
1239 1150 1357 1228 quanto

215 1247 315 1330 magis
335 1266 409 1333 Lproj
429 1249 553 1313 domino
577 1249 774 1313 moriendum
797 1249 896 1330 docet,
921 1250 997 1313 satis
1021 1250 1059 1313 de
1080 1251 1259 1333 apocalypsi
1281 1236 1358 1331 quo-

215 1368 274 1431 que
305 1370 361 1415 sua
390 1353 580 1438 tinstructusj
610 1354 687 1417 haec
719 1354 870 1418 suadere?
916 1354 1124 1418 mandauerat
1151 1355 1269 1418 etenim
1295 1356 1358 1437 spi-

213 1456 290 1519 ritus
315 1456 352 1520 ad
376 1458 523 1540 angelum
548 1457 705 1543 eqclasiae
722 1456 986 1543 Smyrnaeorum:
1011 1476 1097 1523 ecce
1120 1458 1292 1523 diabolus
1317 1478 1357 1522 er

215 1578 367 1624 numero
390 1565 453 1626 tuo
476 1562 637 1625 coniciet
656 1562 702 1647 Lin
726 1580 937 1647 carcarem,
961 1566 1000 1627 ut
1023 1564 1260 1645 temptemini
1285 1564 1357 1628 die·
1384 1590 1410 1628 ιο

214 1665 282 1730 bus
313 1665 449 1729 decem.
501 1669 580 1729 esto
610 1666 739 1730 fidelis
768 1667 812 1730 ad
840 1670 1006 1752 moprtem
1033 1686 1165 1749 usque,
1194 1672 1228 1732 11
1256 1668 1357 1753 dajbo

213 1769 284 1833 tibi
314 1770 416 1834 uitae
449 1787 632 1833 eoronam.
687 1770 764 1834 item
791 1772 831 1835 ad
858 1771 1126 1854 Pergamenorum
1154 1772 1192 1835 de
1218 1771 1356 1857 antipa,

212 1873 403 1959 fidelissimo
430 1877 581 1957 martyre,
609 1875 773 1939 interfecto
801 1876 833 1938 in
857 1875 1052 1940 habitatione
1075 1880 1223 1961 satanae.
1271 1877 1358 1962 itemj

214 1978 253 2041 ad
275 1978 602 2061 Philadelphenorum‚
630 1979 711 2059 quod
736 1996 754 2042 a
776 1981 983 2062 temptatione
1007 1981 1120 2045 ultima
1145 1980 1355 2066 liberaretur„

214 2083 268 2163 qui
291 2082 408 2147 domini
430 2100 545 2147 nomen
569 2099 630 2146 non
656 2086 794 2166 negarat.
841 2084 950 2147 exinde
974 2084 1145 2149 uictoribus
1171 2086 1356 2170 quibusque
1383 2111 1408 2149 rs

213 2187 379 2271 promittij
407 2205 491 2251 nunc
525 2186 667 2251 arborem
701 2187 786 2251 uitae
821 2191 853 2251 11
887 2188 995 2252 mortis
1029 2188 1155 2252 ueniam
1191 2191 1356 2270 secundae,

213 2309 304 2376 nuupc
331 2291 433 2355 latens
461 2308 587 2376 manjna
614 2310 685 2355 oum
713 2291 832 2355 calculo
860 2292 991 2357 candido
1023 2296 1054 2357 et
1082 2294 1209 2357 nomine
1238 2294 1356 2377 ignoto,

213 2413 297 2458 nunc
327 2394 453 2480 terreae
485 2396 599 2480 uirgae
633 2398 825 2478 potestatem
857 2399 887 2459 et
918 2397 1029 2460 stellae
1061 2398 1235 2461 matutinae
1265 2398 1357 2462 clari·

213 2501 321 2579 tatem,
345 2518 437 2584 11111
458 2498 562 2563 albam
582 2498 702 2583 uestipi
721 2516 779 2562 nec
799 2499 895 2562 deleri
915 2499 953 2563 de
975 2499 1054 2564 libro
1077 2502 1162 2565 uitae
1185 2504 1217 2565 et
1238 2503 1356 2565 colum-

109 2608 195 2664 1671
213 2620 288 2666 nam
311 2602 378 2667 fieri
404 2604 438 2667 in
466 2603 515 2667 dei
538 2604 664 2688 tqmplo
686 2603 718 2666 in
741 2604 878 2688 nominej
896 2602 901 2687 Ι
922 2605 971 2668 dei
994 2608 1025 2668 11
1048 2605 1167 2669 domini
1190 2609 1221 2669 11
1243 2606 1356 2669 Η1111-
1383 2632 1409 2669 20

213 2707 311 2771 salem
345 2708 488 2772 caelestis
521 2708 720 2791 inscriptam,
754 2726 838 2772 nuno
871 2708 1007 2773 residere
1042 2728 1114 2773 cum
1148 2710 1273 2773 domino
1306 2711 1357 2796 [inp

212 2812 324 2876 throno
348 2814 423 2893 eius,
448 2812 529 2894 quod
552 2812 718 2893 aliquando
735 2812 888 2876 Zebedaei
910 2812 981 2877 filiis
1005 2814 1188 2896 negabatur.
1228 2815 1355 2896 quinam

212 2916 265 2979 isti
288 2918 353 2980 tam
373 2915 458 2980 beati
478 2916 623 2997 uictores,
646 2916 707 2979 nisi
729 2917 854 3000 proprie
877 2920 1052 2999 martyres?
1089 2918 1214 2981 illorum
1238 2918 1355 2982 etenim

211 3020 369 3101 uictoriae,
386 3038 519 3102 quorum
532 3025 563 3085 11
574 3039 709 3104 pugnae,
726 3038 834 3092 eorum
845 3040 920 3086 uero
936 3041 1071 3106 pugnae,
1087 3041 1220 3104 quorum
1236 3026 1267 3087 et
1283 3042 1355 3087 san-

211 3125 291 3207 guis.
338 3125 392 3188 sed
423 3128 453 3189 11
482 3125 624 3209 ι11111111
647 3124 705 3189 sub
730 3126 822 3189 altari
849 3129 1022 3208 martyrum
1049 3128 1172 3190 animae
1196 3128 1353 3210 placidum
1381 3154 1407 3193 2⁵

212 3229 376 3309 quiescunt
395 3232 427 3293 et
441 3228 555 3293 fiducia
571 3230 697 3293 ultionis
714 3230 899 3313 patientiam
914 3236 1050 3313 pascunt
1065 3236 1097 3296 et
1114 3232 1243 3297 indutae
1266 3234 1353 3297 stolis

211 3333 394 3418 candidam
410 3334 560 3398 claritatis
577 3335 740 3417 usurpant,
764 3333 862 3398 donoc
885 3337 917 3398 et
941 3336 993 3399 alii
1015 3336 1207 3400 consortium
1230 3338 1354 3401 illorum

315 3523 343 3592 9]
362 3522 443 3592 Apoc.
457 3525 481 3588 2,
495 3527 535 3579 10.
550 3526 583 3579 12
595 3539 633 3591 sq.
689 3523 733 3592 12]
747 3522 780 3577 cf.
794 3523 875 3592 Apoc.
888 3527 913 3589 2,
926 3527 950 3579 3.
1005 3525 1050 3594 22]
1063 3526 1096 3580 ef.
1110 3526 1206 3580 Matth.
1217 3529 1258 3592 20,
1269 3530 1302 3582 20
1315 3544 1352 3595 sq.

253 3698 408 3766 2praestat
425 3699 452 3752 Β
522 3699 614 3766 4111
636 3714 721 3767 poena
738 3698 864 3752 timorem
882 3700 954 3769 Aug.
972 3700 1115 3755 Neaader:
1137 3716 1217 3768 quam
1240 3716 1352 3770 poenam
1443 3686 1446 3693 ¹

210 3785 307 3838 timore
329 3786 384 3839 AB
455 3784 643 3853 dgehennam
666 3787 693 3840 Β
764 3785 952 3855 7apocalipsi
976 3788 1005 3841 A
1075 3790 1302 3856 9smyrneorum
1325 3790 1352 3842 A

211 3875 244 3927 10
263 3871 370 3926 coniicit
387 3872 414 3926 Β
469 3874 500 3927 11
520 3875 634 3925 mortem
652 3888 735 3940 usqne
754 3875 780 3926 et
800 3872 868 3926 dabo
886 3874 922 3942 B,
941 3890 985 3927 mo
999 3916 1145 3928 ........
1159 3874 1194 3929 bo
1210 3875 1252 3943 A,·
1268 3890 1352 3943 usque

209 3960 285 4028 afuit
306 3961 341 4015 ab
364 3961 391 4014 A
474 3960 507 4014 14
530 3959 740 4028 filadelphenord
763 3960 790 4013 A
875 3963 907 4015 15
929 3960 1052 4014 uictorib:
1076 3976 1111 4029 qu
1124 4003 1292 4015 .........
1317 3963 1352 4030 A,

209 4046 306 4099 uictori
320 4046 413 4113 cuique
426 4048 453 4101 Β
457 4066 467 4113 ,·
482 4046 607 4101 Oeblercs
620 4046 767 4115 quibusque
780 4049 808 4102 A
819 4049 945 4103 babooisae
957 4050 1088 4103 intelleait
1139 4051 1171 4104 21
1185 4049 1314 4117 inscripta
1325 4050 1353 4103 A

209 4132 245 4185 do
261 4134 290 4187 A
342 4134 376 4189 22
394 4132 499 4187 zebedei
517 4135 544 4187 A
597 4135 631 4188 23
649 4135 770 4203 propriae
787 4136 815 4189 A
868 4136 902 4189 26
920 4134 1030 4189 ultionis
1049 4134 1157 4189 ultionis
1170 4138 1196 4190 A
1249 4136 1350 4204 patien-

209 4219 275 4273 tiam
288 4222 402 4288 paseunt
413 4222 440 4273 et
452 4219 586 4274 indutaest
603 4220 651 4273 olis
663 4223 699 4290 A,
717 4222 876 4290 patientiam
887 4224 1002 4290 pascunt
1019 4225 1046 4275 et
1062 4221 1172 4275 indutae
1184 4222 1259 4276 stolis
1272 4225 1351 4293 Bmp,

209 4324 260 4363 om.
278 4308 305 4361 B
375 4308 408 4361 21
428 4306 569 4360 candidam
587 4309 694 4378 ABmp,
714 4308 843 4362 candidae
861 4310 888 4363 Β
959 4312 1090 4378 usurpant
1108 4309 1190 4363 donec
1209 4312 1236 4362 11
1253 4309 1299 4362 alii
1316 4312 1351 4378 B,

209 4396 337 4447 susuraiit
355 4408 419 4447 onec
437 4395 510 4461 (aute
528 4409 544 4446 o
563 4396 662 4450 locabo
680 4397 763 4450 wotos
782 4397 898 4463 liberae)
916 4396 961 4448 alii
980 4398 1006 4450 A
1060 4395 1168 4450 illarum
1185 4398 1213 4451 Β
