3200 5034
417 396 464 449 IX.
484 396 529 449 De
547 396 671 449 ieiunio
690 396 849 449 aduersus
867 396 1041 465 psychicos
1060 398 1135 451 3-5.
1267 396 1346 463 ι279

202 572 354 636 mordiale
374 573 521 637 delictum
542 573 716 655 expiaretur
737 572 862 636 maioris
883 570 1090 637 abstinentiae
1113 572 1291 655 operatione
1314 571 1346 635 in

203 676 330 740 maioris
352 676 497 741 licentiae
520 678 690 741 occasione.

247 779 277 844 5.
301 780 444 861 Denique
474 780 530 845 nbi
559 781 623 844 iam
651 783 683 845 61
705 780 870 844 familiaris
893 781 1026 862 populus
1049 781 1143 863 allegi
1165 780 1221 843 deo
1244 780 1347 863 coepit

203 889 235 947 et
265 885 421 948 restitutio
453 884 589 949 hominis
620 886 720 949 imbui
749 885 866 967 potnit,
897 889 972 949 tunc
994 885 1080 968 leges
1104 884 1346 967 disciplinaeque

202 1007 312 1053 omnes
341 988 523 1071 impositae,
556 990 650 1053 etiam
681 1007 760 1070 quae
791 989 993 1071 decerperent
1024 989 1159 1069 uictum,
1191 989 1347 1071 ademptis
1385 1016 1397 1052 6

202 1092 390 1175 quibusdam
412 1093 512 1157 ueluti
534 1093 717 1174 immundis,
741 1110 801 1175 quo
825 1093 948 1157 facilius
973 1093 1137 1174 aliquando
1159 1092 1276 1157 ieiunia
1299 1095 1345 1156 16-

200 1198 316 1262 leraret
344 1198 438 1261 homo
468 1201 619 1280 perpetua
648 1198 681 1261 in
710 1197 900 1279 quibusdam
924 1195 1118 1261 abstinentia
1139 1214 1225 1260 1616.
1270 1215 1345 1260 nam

201 1305 234 1365 et
263 1302 383 1385 primus
414 1302 546 1385 populus
573 1302 666 1383 primi
687 1302 823 1365 hominis
846 1303 1057 1385 resculpserat
1080 1302 1198 1365 crimen
1221 1302 1345 1384 pronior

200 1407 304 1471 uentri
331 1424 426 1488 quam
450 1406 506 1470 deo
529 1406 757 1489 deprehensae,
788 1425 861 1471 cnm
885 1407 922 1471 de
947 1406 1061 1470 duritia
1083 1404 1258 1489 Aegyptiae
1282 1425 1344 1470 ser-

200 1511 309 1575 uitutis
340 1510 445 1574 ualida
473 1530 569 1575 mann
600 1511 649 1575 dei
680 1516 709 1576 61
741 1511 870 1575 sublimi
900 1510 1027 1575 brachio
1052 1514 1176 1593 ereptus
1200 1511 1343 1574 dominns
1371 1536 1395 1575 ιο

201 1616 266 1678 6116
291 1615 377 1679 11616
401 1617 458 1694 661,
482 1618 583 1679 terrae
606 1616 686 1680 lacte
711 1615 1212 1695 61116116116161111661116116,
1236 1616 1344 1679 statim

199 1722 305 1783 autem
328 1718 506 1783 solitudinis
528 1720 705 1802 incopiosae
728 1720 957 1803 circumspectu
985 1719 1227 1799 scandalizatus,
1259 1722 1344 1783 satu-

197 1824 299 1888 ritatis
329 1823 503 1907 Aegyptiae
537 1824 726 1889 detrimenta
755 1825 916 1908 suspirans
947 1825 979 1887 in
1013 1824 1145 1907 Moysen
1177 1827 1208 1887 61
1237 1821 1343 1889 Aaron

198 1929 392 1992 mussitauit:
431 1929 574 1993 utinam
608 1929 833 1993 obiissemus
868 1930 1039 2011 percussi
1072 1946 1091 1991 a
1125 1928 1272 1992 domino
1306 1929 1343 1993 in

197 2030 490 2115 terradegypti,
514 2033 659 2114 quando
683 2052 793 2115 super
816 2033 912 2097 61166
935 2033 1101 2097 carnium
1118 2031 1340 2097 sedebamus
1370 2055 1393 2095 15

197 2139 234 2199 61
266 2154 381 2218 panes
415 2136 452 2199 in
486 2137 759 2219 plenitudinem
798 2135 1092 2203 comedebamus.
1161 2136 1341 2217 quomodo

197 2239 361 2303 eduxisti
391 2258 456 2305 166
486 2241 523 2304 11
550 2240 643 2305 haec
665 2242 816 2306 deserta
839 2241 881 2305 ad
904 2240 1213 2306 interficiendam
1237 2258 1341 2322 syna-

195 2361 329 2427 gogam
352 2345 464 2408 istam
486 2345 606 2408 fame?
642 2347 751 2408 eadem
774 2346 893 2410 1611116
917 2344 1108 2428 praelatione
1124 2345 1340 2427 deploraturus

196 2452 265 2513 6161
295 2449 420 2513 eosdem
443 2449 537 2513 duces
562 2467 634 2513 suos
659 2453 691 2514 61
713 2450 762 2514 dei
785 2448 934 2530 arbitros,
965 2468 1041 2531 quos
1065 2448 1215 2513 desiderio
1239 2448 1339 2511 earnis

196 2555 229 2615 61
257 2553 421 2617 recordatu
451 2552 680 2637 Aegyptiarum
710 2554 869 2637 copiarum
901 2553 1116 2619 exacerbabat.
1162 2553 1243 2634 quis
1274 2569 1339 2615 166
1366 2577 1391 2616 ro

195 2662 324 2722 noscet
353 2662 484 2723 carne?
515 2662 701 2723 uenerunt
727 2660 764 2723 11
788 2662 949 2723 mentem
973 2658 1081 2723 nobis
1104 2658 1225 2741 pisces
1249 2675 1338 2738 quos

194 2761 425 2845 innegyplo
449 2763 650 2827 edebamus
673 2764 808 2847 gratis,
832 2766 868 2827 et
890 2781 1106 2827 cucumeres
1127 2763 1338 2843 etpepones

194 2870 231 2930 61
252 2868 354 2948 porri
377 2870 413 2931 et
436 2885 522 2948 cepe
546 2870 581 2930 et
604 2868 702 2931 allia.
742 2871 779 2931 at
802 2886 899 2932 nunc
922 2868 1045 2931 anima
1067 2869 1197 2929 nostra
1219 2864 1337 2944 arida,

193 2970 289 3033 nihil
320 2970 394 3034 nisi
424 2989 559 3035 manna
588 2971 720 3035 uident
747 2972 846 3035 66111
869 2971 997 3036 nostri.
1044 2970 1090 3034 116
1113 2973 1145 3033 61
1166 2970 1228 3033 illis
1251 2986 1337 3033 xero-

192 3074 328 3157 phagiae
350 3074 439 3156 panis
463 3075 596 3157 angelici
616 3075 832 3157 displicebant,
856 3076 964 3139 allium
987 3075 1089 3157 potius
1106 3077 1138 3139 et
1153 3093 1226 3157 cepe
1243 3093 1336 3156 qnam
1364 3102 1389 3142 25

193 3178 316 3242 caelum
347 3178 486 3261 fragrare
517 3179 687 3243 malebant.
733 3183 766 3244 et
793 3179 863 3244 ideo
894 3184 960 3243 tam
990 3179 1120 3263 ingratis
1147 3182 1283 3262 gratiora
1306 3187 1337 3247 61

146 3281 153 3291 “
193 3283 401 3346 esculentiora
431 3301 571 3364 quaeque
594 3283 733 3347 detracta
755 3287 844 3364 sunt,
875 3284 1050 3366 puniendae
1074 3284 1168 3347 simul
1190 3286 1282 3367 gulae
1306 3291 1337 3351 61

193 3387 383 3451 exercendae
406 3387 616 3452 continentiae
638 3406 747 3468 causa,
770 3392 807 3453 11
830 3389 884 3452 illa
907 3388 1122 3469 damnaretur,
1149 3390 1211 3453 ista
1233 3391 1335 3456 erudi-

192 3496 287 3555 retur.

297 3705 342 3775 14]
361 3705 406 3759 nx.
423 3708 463 3771 16,
476 3708 493 3761 2
505 3722 543 3774 sq.
598 3707 645 3775 20]
665 3706 746 3761 Num.
761 3711 801 3772 11,
814 3711 831 3764 4
844 3724 899 3777 sqq.

235 3907 251 3960 8
270 3903 447 3974 resculpserat
465 3906 528 3961 oei.-
550 3906 699 3974 sculpserat
714 3910 742 3963 B
814 3910 846 3963 10
869 3908 984 3962 dominis
1005 3910 1061 3963 1166
1131 3908 1256 3963 dominus
1278 3912 1334 3965 eius

191 3990 266 4043 uisus
294 3994 336 4045 661
365 3992 415 4045 del.
439 3993 504 4047 Scal
583 3995 613 4047 11
636 3993 687 4062 661]
704 3996 743 4058 Ι61
773 3995 825 4050 Urs
903 3996 1023 4049 mananti
1052 3996 1117 4050 Get:
1145 3998 1279 4051 manantis
1307 4000 1334 4053 B

192 4080 225 4133 12
251 4078 401 4147 incopiosae
430 4079 492 4134 eei:
519 4079 548 4147 in
575 4080 679 4148 copiose
707 4082 734 4134 B
811 4084 843 4137 13
870 4081 1030 4136 detrimenta
1061 4083 1089 4152 C,
1118 4084 1279 4138 detrimento
1306 4087 1333 4140 B

192 4166 225 4219 16
244 4165 370 4231 quoniam
392 4165 416 4220 G
485 4169 515 4221 17
539 4166 836 4223 1116111616111611661.Ι
858 4168 1072 4223 interficiendum
1090 4172 1118 4225 Β
1188 4174 1220 4226 21
1243 4175 1333 4225 uescet

192 4252 256 4307 Gcl:
273 4255 396 4305 16666111
414 4254 450 4321 B,
468 4256 558 4322 pascet
576 4256 632 4309 Ion
695 4258 814 4309 mentem
834 4257 897 4311 Get:
915 4259 1003 4311 mente
1022 4258 1049 4311 B
1114 4261 1147 4313 25
1170 4258 1245 4327 panis
1268 4261 1332 4315 Urs:

188 4354 271 4406 panes
289 4340 317 4392 B
369 4342 403 4394 26
421 4340 539 4408 fragrare
558 4343 637 4412 Bmp,
659 4344 716 4410 eei,
735 4342 847 4411 flagrare
865 4346 892 4398 Β
