3200 5034
292 415 356 479 378
521 414 635 482 Quinti
654 416 795 486 Septimi
813 416 979 470 Florentis
997 416 1199 469 Tertulliani

293 592 340 655 uis
364 594 493 656 estnec
516 591 723 656 sacrariorum
746 591 1012 656 circumscribitur
1034 593 1191 666 terminis;
1215 610 1296 675 uaga
1320 595 1352 654 et
1365 610 1432 672 per-

292 695 428 760 uolatica
458 700 490 760 et
518 695 646 760 interim
675 694 776 760 libera
806 699 863 760 est.
910 715 970 778 quo
994 714 1086 760 nemo
1110 696 1301 760 dubitauerit
1324 695 1433 759 domus

293 819 414 883 quoque
447 800 618 866 daemoniis
647 803 755 884 patore
785 819 844 865 uec
870 804 994 866 tantum
1016 802 1049 866 in
1072 802 1184 884 adytis,
1215 800 1326 865 sedin
1348 799 1435 862 cubi-

292 905 370 968 culis
393 905 538 970 homiues
558 905 748 989 imaginibus
771 905 1008 970 circumuenire.

254 1035 267 1074 s
336 1007 390 1073 47.
414 1009 590 1074 Definimus
622 1010 707 1074 enim
729 1028 749 1074 a
770 1010 945 1075 daemoniis
975 1011 1146 1094 plurimum
1175 1010 1275 1075 incuti
1305 1010 1437 1090 somnia,

293 1115 351 1178 etsi
373 1115 531 1178 interdum
554 1132 629 1179 uera
651 1118 683 1178 et
703 1115 851 1198 gratiosa,
883 1116 948 1196 sed,
971 1115 1009 1179 dc
1032 1133 1094 1197 qua
1115 1115 1268 1179 industria
1291 1114 1437 1195 diximus,

293 1217 475 1283 affectantia
498 1222 590 1301 atque
613 1219 783 1301 captantia,
814 1222 932 1301 quanto
955 1219 1057 1302 magis
1079 1237 1163 1282 uana
1186 1223 1218 1283 et
1239 1218 1441 1283 frustratoria

293 1325 325 1386 et
354 1322 481 1388 turbida
511 1327 542 1388 et
571 1323 742 1388 ludibriosa
765 1326 796 1387 et
819 1323 993 1387 immunda.
1039 1342 1096 1388 nec
1119 1324 1246 1403 mirum,
1278 1323 1437 1387 sicerum

293 1430 366 1491 sunt
390 1427 555 1510 imagines,
580 1445 712 1509 quorum
736 1431 768 1492 et
790 1447 850 1493 res.
890 1428 947 1492 deo
971 1431 1078 1492 autem
1100 1428 1240 1510 pollicito
1264 1427 1385 1491 scilieet
1407 1431 1440 1491 et

241 1556 267 1595 lo
293 1531 427 1614 gratiam
450 1531 576 1614 spiritus
593 1532 693 1596 sancti
708 1531 742 1596 in
757 1551 884 1596 omnem
900 1550 1028 1597 caruem
1044 1535 1075 1596 et
1091 1533 1172 1596 siout
1187 1532 1438 1615 prophetaturos,

292 1635 337 1699 ita
367 1638 399 1699 et
428 1636 638 1701 somniaturos
669 1655 777 1701 seruos
809 1654 881 1701 suos
913 1640 944 1701 et
974 1637 1103 1700 ancillas
1132 1655 1216 1717 suaa,
1247 1654 1284 1700 ea
1307 1637 1438 1718 deputa-

292 1739 421 1821 buntur,
445 1758 525 1822 quae
546 1741 607 1822 ipsi
626 1742 747 1825 gratiae
762 1740 1037 1824 comparabuntur,
1061 1741 1088 1805 si
1104 1759 1166 1823 qua
1180 1741 1314 1805 honesta
1331 1743 1440 1804 sancta

293 1845 475 1928 prophetica
504 1846 689 1911 reuelatoria
718 1844 928 1910 aedificatoria
959 1847 1126 1926 uocatoria,
1157 1864 1291 1927 querum
1323 1845 1439 1908 libera-

293 1949 367 2013 litas
398 1950 498 2014 soleat
529 1954 560 2014 et
582 1950 615 2013 iu
644 1950 792 2032 profanos
823 1950 993 2031 destillare,
1025 1950 1143 2014 imbres
1175 1950 1271 2013 etiam
1301 1952 1334 2012 et
1356 1949 1438 2013 soles

241 2076 266 2115 ra
294 2070 367 2117 suos
389 2057 600 2136 peraequante
624 2054 681 2119 deo
702 2054 793 2118 iustis
818 2058 849 2118 et
871 2055 1006 2135 iniustis
1038 2054 1192 2136 siquidem
1215 2057 1248 2118 et
1270 2052 1439 2117 Nabucho-

293 2158 427 2222 donosor
449 2157 600 2222 diuinitus
624 2159 760 2223 somniat
783 2161 815 2223 et
837 2159 937 2224 maior
958 2176 1058 2241 paene
1081 2159 1129 2222 uis
1152 2159 1316 2222 hominum
1341 2177 1377 2221 ex
1392 2157 1440 2220 ui-

293 2261 433 2326 sionibus
457 2262 551 2326 deum
573 2263 706 2327 discunt.
743 2264 824 2327 sicut
846 2281 919 2347 ergo
943 2263 1082 2346 dignatio
1106 2263 1154 2326 dei
1178 2262 1264 2325 etin
1289 2261 1440 2341 ethnicos

293 2366 337 2430 ita
360 2368 392 2430 et
415 2367 579 2448 temptatio
601 2367 678 2431 mali
700 2367 733 2431 in
756 2370 892 2448 sanctos,
916 2366 1062 2449 aquibus
1079 2385 1136 2431 nec
1152 2366 1287 2430 interdiu
1303 2364 1440 2445 absistit,

293 2474 329 2533 ut
358 2471 409 2534 uel
439 2470 667 2536 dormientibus
698 2471 829 2554 obrepat
859 2490 920 2553 qua
950 2475 1064 2553 potest,
1095 2472 1122 2535 si
1145 2469 1353 2554 uigilantibus
1376 2488 1440 2533 uon
1574 2507 1575 2566 Ε

241 2599 267 2638 ee
293 2578 406 2657 potest.
428 2573 433 2659 Ι
453 2576 546 2640 tertia
569 2577 687 2659 species
711 2579 804 2640 erunt
826 2576 958 2656 somnia,
986 2594 1066 2658 quae
1090 2574 1217 2639 sibimet
1239 2575 1309 2657 ipsa
1333 2574 1520 2638 animatior

293 2679 418 2743 uidetur
440 2680 605 2765 inducere,
627 2700 663 2744 ex
691 2680 864 2744 intentione
887 2681 1205 2744 circumstantiarum.
1251 2694 1343 2761 porro
1365 2678 1438 2760 quia

293 2801 356 2847 uon
387 2786 435 2847 est
462 2801 499 2848 ex
522 2784 651 2849 arbitrio
674 2785 830 2849 somniare
854 2782 941 2867 (uam
966 2788 996 2848 et
1019 2785 1226 2867 Epicharmus
1250 2785 1295 2848 ita
1318 2781 1437 2865 sent't),

294 2888 449 2967 quomodo
483 2888 552 2970 ipsa
582 2888 641 2954 erit
671 2887 731 2952 sibi
760 2907 855 2954 causa
885 2889 1015 2954 alicuius
1045 2889 1196 2953 uisionis?
1253 2906 1332 2951 num
1365 2904 1437 2970 ergo

293 2991 370 3055 haec
400 2992 520 3074 species
552 2993 687 3056 naturali
715 2993 835 3058 formae
861 2994 1066 3075 relinquenda
1089 2996 1138 3057 est
1161 3010 1291 3056 seruans
1315 2992 1436 3054 animae

242 3119 267 3160 aa
295 3095 390 3159 etiam
419 3096 451 3158 iu
481 3097 595 3161 ecstasi
624 3115 675 3161 res
702 3115 775 3161 suas
798 3098 941 3181 perpeti?
986 3117 1022 3161 ea
1045 3101 1160 3178 autern,
1192 3115 1271 3178 quae
1296 3113 1438 3177 nequca

295 3199 352 3263 deo
382 3218 484 3282 neque
507 3220 527 3265 a
548 3201 712 3266 daemonio
742 3220 845 3283 neque
877 3200 915 3266 ab
947 3203 1053 3266 anima
1075 3202 1265 3266 uidebuntur
1289 3201 1435 3279 accidere,

295 3306 326 3367 et
359 3308 484 3386 praeter
514 3307 691 3388 opinionem
722 3310 753 3371 et
782 3310 906 3389 praeter
935 3307 1225 3388 interpretationem
1255 3309 1287 3369 et
1315 3307 1436 3387 praeter

294 3410 523 3473 enarrationem
552 3410 709 3474 facultatis
739 3411 799 3492 ipsi
825 3412 948 3493 proprie
972 3411 1085 3476 ecstasi
1109 3414 1141 3475 et
1162 3409 1276 3474 rationi
1300 3409 1366 3474 eius
1389 3427 1435 3472 se-

293 3514 496 3598 parabuntur.

398 3771 427 3842 e]
447 3771 480 3826 cr.
493 3771 548 3826 1001
567 3775 592 3838 a,
606 3775 629 3827 1.
684 3773 728 3842 11]
747 3773 781 3827 er.
799 3774 897 3829 naeu.
911 3777 935 3840 5,
947 3777 989 3830 45.
1045 3775 1090 3843 15]
1109 3774 1143 3829 er.
1162 3775 1231 3829 nan.
1245 3778 1270 3839 a,
1286 3777 1299 3868 ¹.
1314 3791 1352 3842 sq.

339 4014 411 4070 6de
433 4015 483 4070 del.
507 4017 563 4070 Iam
632 4017 699 4071 8et
720 4017 835 4070 clunem
858 4016 906 4070 del.
920 4015 976 4086 Rip
1047 4016 1133 4073 9deo
1150 4018 1263 4087 scripsi:
1281 4035 1297 4070 a
1316 4017 1365 4070 deo
1383 4018 1434 4072 AB

295 4105 322 4156 et
343 4102 486 4157 inductum
507 4103 536 4157 A
607 4103 639 4157 13
661 4101 797 4155 necatoria
819 4120 869 4157 ooo.
889 4102 916 4155 A
988 4105 1020 4158 17
1039 4106 1066 4158 et
1083 4103 1112 4158 iu
1130 4122 1181 4160 om.
1201 4105 1228 4159 A
1302 4107 1335 4160 18
1353 4104 1392 4174 in]
1411 4106 1435 4156 et

295 4188 324 4240 in
341 4189 369 4242 A
431 4187 538 4242 absistit
556 4189 583 4241 A
644 4190 676 4242 21
696 4188 758 4255 quia
775 4190 888 4258 scripsi:
906 4205 987 4257 quam
1004 4190 1068 4260 AB,
1087 4207 1140 4259 qua
1162 4192 1222 4259 Urs,
1240 4191 1368 4258 quoniam
1381 4192 1435 4246 Lot

296 4277 329 4329 22
347 4275 500 4343 picharmus
518 4276 545 4329 A
598 4278 631 4331 24
650 4275 785 4345 spetiesA
838 4275 964 4331 formaA
1018 4280 1051 4334 26
1070 4277 1169 4331 alnima
1187 4279 1214 4332 A
1227 4297 1295 4334 corr.
1351 4277 1434 4334 2711-

296 4361 514 4435 terpretatiouem
532 4362 559 4415 A
616 4365 650 4418 28
669 4362 848 4417 narrationem
866 4365 893 4418 A
946 4365 1052 4436 proprie
1071 4367 1098 4419 A
