3200 5034
587 426 620 480 X.
639 426 683 480 De
702 425 809 479 anima
827 428 938 481 35-37.
1271 425 1334 488 363

188 603 342 684 posterior
365 603 448 665 enim
471 603 546 666 Eua.
585 603 630 666 ita
652 603 800 684 quamdiu
825 621 896 666 caro
919 602 1061 666 informis
1085 604 1142 682 est,
1174 602 1273 683 qualis
1298 621 1334 664 er

187 705 278 770 Adae
299 708 397 772 latere
420 708 566 790 decerpta
589 711 647 788 est,
675 709 793 772 animal
821 711 929 772 tamen
956 711 987 771 et
1009 708 1078 790 ipsa
1100 707 1174 788 iarn,
1203 706 1277 788 quia
1304 709 1335 770 et

188 811 277 875 illam
307 815 383 876 tunc
404 810 493 876 Adae
523 813 700 895 portionem
727 813 899 877 animatam
923 831 1100 896 agnoscam.
1140 813 1278 875 ceterum
1302 813 1334 874 et

187 917 291 1000 ipsam
314 917 364 980 dei
386 916 512 982 afflatus
535 918 716 999 animasset,
744 918 772 982 si
794 936 858 982 non
881 919 916 981 ut
938 918 1050 997 carnis,
1080 917 1125 980 ita
1152 919 1184 981 et
1210 916 1332 992 animae

188 1041 226 1085 er
247 1021 353 1086 Adam
374 1023 486 1086 tradux
508 1023 619 1086 fuisset
641 1023 673 1086 in
696 1023 823 1087 femina.
1371 1047 1384 1086 ⁵

232 1124 284 1190 37.
309 1125 444 1191 Omnem
464 1130 570 1191 autern
589 1128 725 1192 hominis
741 1127 773 1192 in
789 1131 877 1192 utero
894 1127 1017 1191 serendi
1037 1126 1177 1191 struendi
1197 1125 1334 1209 fingendi

88 1238 176 1294 1149
190 1235 371 1314 paraturam
391 1230 395 1314 Ι
415 1232 520 1312 aliqua
546 1232 655 1314 utique
677 1235 818 1314 potestas
842 1233 965 1296 diuinae
992 1232 1161 1296 uoluntatis
1189 1231 1334 1296 ministra

187 1336 366 1400 modulatur
382 1355 611 1418 quamcumque
627 1337 682 1400 illa
697 1337 851 1401 rationem
867 1338 986 1421 agitare
1002 1337 1120 1401 sortita.
1148 1336 1225 1400 haec
1241 1337 1333 1400 aesti-

187 1441 302 1505 mando
326 1441 420 1505 etiam
443 1442 621 1525 superstitio
637 1441 780 1505 Romana
804 1442 894 1506 deam
917 1441 1005 1505 fiuxit
1019 1439 1209 1506 Alemonam
1229 1441 1332 1504 alendi

186 1547 220 1610 in
243 1549 330 1610 utero
353 1546 436 1609 fetus
460 1549 492 1610 et
506 1545 632 1610 Nonam
651 1554 682 1609 et
696 1546 861 1610 Decimam
885 1565 903 1610 a
926 1545 1155 1610 sollicitioribus
1171 1544 1332 1609 mensibus
1360 1571 1385 1610 ιο

187 1653 221 1714 et
235 1651 407 1730 Partulam‚
424 1669 504 1732 quae
518 1655 645 1733 partum
659 1650 824 1734 gubernet,
849 1654 881 1714 et
896 1651 1059 1731 Lucinam,
1079 1668 1162 1732 quae
1183 1649 1333 1733 producat

187 1755 222 1818 in
250 1756 362 1819 lucem.
398 1773 455 1818 nos
486 1755 589 1819 officia
619 1756 725 1819 diuina
755 1757 884 1839 angelos
912 1756 1077 1819 credimus.
1118 1773 1154 1817 er
1178 1772 1213 1818 eo
1236 1754 1332 1836 igitur

186 1860 271 1923 fetus
294 1859 327 1922 in
350 1862 437 1924 utero
461 1859 565 1941 homo,
589 1879 607 1924 a
631 1878 690 1942 quo
706 1859 809 1924 forma
825 1861 980 1943 completa
996 1863 1053 1923 cst.
1092 1877 1166 1923 nam
1183 1861 1214 1922 et
1230 1858 1333 1922 Mosei

185 1965 237 2028 lex
259 1967 334 2028 tunc
357 1963 487 2028 aborsus
510 1983 600 2028 reum
623 1965 790 2029 talionibus
813 1965 936 2045 iudicat,
961 1979 1032 2028 cum
1052 1964 1116 2028 iarn
1130 1963 1267 2027 hominis
1284 1965 1333 2026 est

188 2088 291 2149 causa,
322 2086 394 2132 cum
417 2070 481 2135 iarn
504 2069 657 2133 illicitae
682 2073 714 2134 et
736 2070 847 2133 mortis
872 2071 972 2133 status
997 2069 1173 2151 deputatur,
1205 2086 1277 2131 curn
1300 2071 1332 2132 et
1360 2093 1384 2134 ιο

186 2174 253 2237 lato
276 2175 338 2237 iam
361 2173 551 2255 inscribitur,
584 2174 643 2238 etsi
666 2175 767 2238 adhuc
790 2174 823 2237 in
846 2176 946 2238 matre
969 2173 1103 2237 uiuendo
1128 2191 1200 2236 curn
1230 2175 1332 2236 matre

185 2278 357 2359 plurimum
381 2279 592 2344 communicat
614 2282 739 2344 sortem.
772 2279 873 2343 dicam
898 2278 1014 2359 aliquid
1035 2281 1066 2342 et
1082 2278 1120 2340 de
1136 2277 1330 2360 temporibus

187 2383 311 2447 animae
326 2385 494 2464 nascentis,
510 2388 547 2447 ut
561 2384 702 2448 ordinem
720 2385 892 2448 decurram.
916 2383 1060 2466 legitima
1072 2383 1219 2446 natiuitas
1232 2383 1331 2446 ferme

187 2487 300 2551 decimi
323 2488 441 2551 mensis
463 2489 624 2571 ingressus
648 2492 704 2553 est.
741 2489 794 2570 qui
810 2507 956 2552 numeros
972 2487 1206 2567 ratiocinantur,
1231 2489 1262 2551 et
1278 2486 1331 2550 de·

187 2592 335 2657 curialem
352 2611 518 2656 numerum
534 2596 570 2656 ut
586 2593 694 2657 erinde
709 2594 899 2675 reliquorum
919 2595 1081 2674 parentem
1105 2593 1221 2671 colunt,
1245 2591 1330 2654 deni·
1357 2616 1383 2654 ιο

186 2715 246 2777 que
269 2697 475 2777 perfectorem
490 2697 664 2762 natiuitatis
680 2699 848 2761 humanae.
881 2715 937 2780 ego
954 2697 992 2760 ad
1009 2697 1103 2761 deum
1118 2697 1221 2780 potius
1238 2715 1330 2778 argu·

187 2801 350 2865 mentabor
376 2802 460 2865 bunc
487 2802 615 2865 modum
642 2803 803 2884 temporis,
834 2807 870 2865 ut
898 2803 1004 2865 decem
1033 2820 1158 2864 menses
1183 2801 1329 2885 decalogo

186 2906 287 2988 magis
303 2905 492 2988 inaugurent
506 2906 677 2986 hominem,
698 2910 734 2969 ut
749 2909 836 2970 tanto
853 2907 1001 2988 temporis
1018 2925 1147 2970 numero
1164 2924 1330 2969 nascamur

186 3012 304 3091 quanto
335 3010 514 3092 discipliuae
545 3029 674 3075 numero
705 3012 905 3074 renascimur.
945 3010 1000 3075 sed
1031 3013 1062 3074 et
1092 3029 1164 3073 cum
1195 3010 1328 3093 septimo

187 3133 295 3178 mense
317 3115 466 3178 natiuitas
489 3117 583 3196 plena
606 3120 654 3179 est
677 3117 796 3180 facilius
820 3135 915 3197 quam
938 3118 1056 3195 octauo,
1084 3114 1234 3178 honorem
1258 3114 1329 3179 sab·
1355 3140 1381 3178 es

185 3219 251 3282 bati
267 3207 445 3301 agnoscam,
466 3222 501 3283 ut
516 3223 608 3301 quoto
625 3221 673 3283 dio
689 3221 831 3284 dedicata
847 3224 894 3284 est
910 3221 958 3283 dei
974 3220 1122 3300 condicio,
1139 3222 1203 3284 toto
1220 3238 1329 3282 mense

184 3323 344 3386 interdum
363 3324 551 3405 producatur
572 3325 621 3388 dei
640 3326 753 3408 imago.
789 3343 973 3388 conoessum
995 3328 1043 3388 est
1061 3342 1226 3408 properare
1247 3324 1328 3387 nati-

291 3556 557 3625 ffldffiQffi

230 3773 391 3842 lquamdiu
408 3775 521 3843 scripsi:
539 3775 585 3828 diu
604 3777 667 3842 AB,
691 3775 756 3828 dum
774 3777 917 3831 Heraclius
983 3776 1090 3831 3Adae
1109 3796 1159 3833 ulra.
1178 3779 1205 3831 A
1271 3781 1326 3832 ani-

183 3863 286 3914 matam
310 3863 375 3916 Urs:
392 3861 510 3914 animam
528 3862 583 3915 AB
654 3865 670 3918 5
688 3863 805 3916 faemina
823 3864 849 3916 A
921 3868 937 3918 6
960 3864 1007 3916 DE
1026 3863 1166 3917 AETATE
1184 3864 1326 3926 ANIMAE

182 3951 248 4017 AB,
267 3948 314 4000 DE
333 3946 473 4001 AETATE
492 3948 623 4002 CARNIS
641 3950 686 4002 ET
704 3949 847 4004 ANIMAE
861 3951 912 4005 aa
963 3951 1063 4018 figendi
1081 3954 1108 4006 A
1163 3956 1177 4006 7
1197 3952 1286 4006 diuino
1299 3955 1326 4008 A

183 4034 271 4091 8illa
293 4037 357 4090 Urs:
375 4035 451 4088 illam
469 4037 524 4090 AB
603 4037 653 4090 hoc
672 4039 699 4091 A
779 4038 929 4091 estimando
947 4040 974 4092 A
1053 4038 1325 4092 delendis—fetibus

181 4125 248 4192 sort.
304 4125 336 4177 10
354 4122 567 4178 sollitioribusA
622 4127 654 4179 13
672 4125 754 4177 mosei
767 4126 803 4191 A,
815 4125 902 4193 Moysi
914 4127 949 4193 B,
968 4125 1067 4193 Moysis
1080 4126 1136 4195 Rip
1190 4128 1222 4180 14
1239 4127 1325 4179 horni-

183 4209 312 4264 nis-15
330 4209 371 4262 illi
389 4227 439 4264 om.
459 4211 486 4263 A
551 4214 583 4265 15
602 4213 717 4266 altmaro
735 4214 762 4264 et
779 4229 830 4267 ona.
850 4214 877 4266 A
936 4215 968 4268 18
987 4214 1018 4264 nt
1037 4230 1086 4266 om.
1107 4215 1134 4266 A
1187 4213 1279 4266 ordine
1298 4215 1326 4268 A

182 4298 217 4350 22
242 4295 274 4348 de
298 4294 423 4364 decalogo
441 4297 586 4352 Horleltus
661 4301 695 4354 23
714 4298 848 4353 nascimur
867 4300 894 4353 A
964 4301 998 4352 26
1017 4300 1098 4366 quoto
1119 4299 1181 4358 deu·
1200 4316 1251 4372 quo
1270 4301 1326 4354 AB

183 4384 224 4434 est
242 4400 292 4437 cm.
311 4384 339 4436 B
392 4385 450 4436 toto
467 4385 504 4451 B,
523 4400 552 4436 eo
570 4386 597 4438 A
