3200 5034
306 405 371 470 234
535 406 650 472 Quinti
669 408 809 477 Septimi
828 408 994 462 Plorantis
1012 409 1213 463 Tertulliani

351 582 380 647 8.
404 581 464 648 Sed
492 583 576 647 enim
597 584 762 665 plerosque
789 584 975 667 interpretes
998 584 1219 668 parabolarum
1241 586 1325 650 idem
1349 587 1444 651 exitus

306 689 430 771 decipit,
454 708 546 770 quem
569 690 600 752 in
623 689 762 753 uestibus
785 708 923 772 purpura
946 690 1106 754 oculandis
1123 691 1305 772 saepissime
1322 692 1444 755 euenire

261 869 266 877 ,
307 796 364 857 est.
409 811 482 857 cum
515 794 674 876 putaueris
703 798 787 858 recte
819 796 1001 860 conciliasse
1031 798 1280 878 temperamenta
1310 796 1444 860 colorum

306 902 338 962 et
367 897 533 961 credideris
563 900 812 981 comparationes
845 918 953 964 eorum
984 901 1066 965 inter
1100 919 1133 963 se
1167 919 1283 965 unasse
1317 900 1443 981 erudite,

267 1030 280 1068 s
307 1022 378 1067 mox
408 1006 539 1085 utroque
569 1021 696 1088 corpore
727 1007 758 1067 et
787 1004 958 1068 luminibus
986 1005 1138 1088 expressis
1162 1023 1298 1070 errorem
1321 1024 1444 1070 omnem

305 1108 448 1172 traducta
478 1107 643 1172 diuersitas
667 1112 800 1173 euomet.
848 1110 956 1174 eadem
979 1111 1084 1192 itaque
1108 1110 1241 1193 caligine
1265 1109 1346 1173 circa
1368 1110 1444 1174 lilio-

304 1231 375 1276 rum
405 1231 527 1294 quoque
558 1213 697 1277 duorum.
720 1213 903 1295 parabolam
931 1214 1118 1296 quibusdam
1141 1214 1350 1297 adpraesens
1374 1232 1444 1278 con-

305 1316 515 1381 colorantibus
536 1317 645 1401 figuris
668 1336 687 1381 a
709 1337 783 1382 uero
797 1319 918 1382 lumine
935 1318 1110 1383 exorbitant
1125 1318 1191 1382 eius
1208 1319 1443 1401 comparationis

305 1440 400 1504 quam
433 1423 600 1504 parabolae
634 1424 767 1487 materia
799 1424 960 1506 praetexit.
1022 1423 1098 1487 duos
1134 1424 1217 1487 enim
1251 1424 1380 1506 populos
1413 1424 1443 1487 in

253 1552 278 1589 ιο
305 1526 425 1591 duobus
437 1526 509 1591 filiis
525 1527 688 1608 collocant,
704 1528 868 1592 Iudaicum
884 1530 1044 1609 maiorem,
1058 1528 1270 1593 Christianum
1282 1528 1441 1592 minorem.

305 1649 362 1694 nec
393 1630 476 1694 enim
505 1635 637 1714 possunt
660 1632 770 1696 exinde
794 1631 1006 1696 Christianum
1028 1636 1224 1715 peccatorem
1247 1634 1280 1697 in
1302 1632 1366 1697 lilio
1388 1634 1443 1696 mi-

304 1752 379 1799 nore
402 1736 565 1817 disponere
588 1737 715 1800 ueniam
738 1741 989 1818 consecuturum,
1013 1738 1074 1801 nisi
1096 1738 1129 1801 in
1152 1738 1270 1801 maiore
1285 1736 1443 1801 Iudaicum

305 1840 522 1922 expresserint.
568 1858 658 1923 porro
689 1842 716 1903 si
738 1842 904 1905 Iudaicum
933 1841 1096 1906 ostendero
1127 1841 1258 1906 deficere
1281 1860 1300 1905 a
1322 1860 1444 1924 compa-

303 1944 426 2008 ratione
455 1944 512 2009 filii
541 1946 681 2025 maioris,
711 1950 934 2028 consequenter
963 1948 1070 2029 utique
1093 1965 1151 2010 nec
1174 1945 1370 2011 Christianus
1393 1947 1444 2010 ad-

254 2072 278 2112 u
304 2051 447 2113 mittetur
470 2049 508 2113 de
531 2049 774 2133 configuratione
796 2050 853 2114 filii
875 2052 1016 2114 minoris,
1050 2051 1125 2117 licet
1143 2052 1227 2115 enim
1242 2051 1325 2115 filius
1342 2051 1445 2116 audiat

305 2157 336 2218 et
358 2154 494 2219 Iudaeus
525 2159 556 2219 et
585 2156 699 2235 maior,
729 2156 802 2237 quia
832 2156 915 2237 prior
945 2157 977 2220 in
1001 2156 1179 2238 adoptione,
1208 2157 1283 2221 licet
1306 2159 1337 2220 et
1360 2156 1443 2220 Chri-

305 2260 406 2323 stiano
437 2260 721 2323 reconsiliationem
751 2260 800 2323 dci
826 2261 923 2343 patris
947 2260 1102 2341 inuideat,
1133 2261 1215 2343 quod
1238 2261 1290 2324 uel
1312 2261 1443 2324 maxime

221 2440 224 2445 ,
304 2364 428 2427 diuersa
453 2382 527 2446 pars
558 2365 668 2446 carpit,
700 2365 755 2428 sed
785 2383 847 2428 non
878 2365 935 2428 erit
963 2365 1072 2429 Iudaei
1101 2365 1221 2429 dictum
1248 2366 1288 2429 ad
1310 2368 1442 2448 patrem:

305 2487 389 2532 ecce
416 2469 633 2551 quotannis
660 2468 730 2532 tibi
753 2469 875 2533 seruio
899 2473 935 2533 et
956 2472 1197 2552 praeceptum
1220 2472 1325 2533 tuum
1348 2488 1443 2533 num-

253 2596 278 2635 20
307 2591 413 2655 quam
442 2574 658 2654 praeteriui.
705 2574 828 2655 quando
860 2575 944 2637 enim
972 2592 1035 2638 non
1058 2578 1270 2658 transgressor
1292 2574 1371 2657 legis
1392 2573 1443 2635 Iu-

305 2678 414 2758 daeuS,
438 2697 512 2742 aure
536 2679 664 2742 audiens
688 2682 720 2741 et
741 2697 805 2742 non
828 2679 971 2759 audiena,
996 2679 1064 2744 odio
1087 2678 1206 2743 habens
1230 2678 1442 2742 traducentem

304 2783 337 2846 in
359 2783 456 2864 portis
481 2786 511 2846 et
534 2786 774 2864 aspernamento
797 2802 974 2847 sermonem
999 2785 1164 2847 sanctum?
1202 2783 1246 2846 sic
1269 2801 1327 2846 nec
1348 2783 1441 2866 patris

305 2887 344 2950 ad
371 2888 523 2951 Iudaeum
553 2889 611 2951 erit
641 2907 714 2952 uox:
749 2890 788 2950 tu
821 2906 966 2970 semper
995 2906 1137 2951 mecum
1167 2907 1219 2967 es,
1255 2890 1290 2950 et
1323 2884 1442 2951 omnia

305 3009 385 3055 mea
407 2995 471 3055 tua
493 2996 588 3056 sunt.
625 2993 733 3056 Iudaei
757 2994 840 3055 enim
863 2995 1024 3073 apostatae
1047 2991 1102 3056 filii
1118 2993 1369 3075 pronuntiantur,
1392 3011 1442 3077 ge-

210 3081 213 3086 ’
253 3118 278 3157 25
305 3097 404 3160 norati
434 3097 560 3178 quidem
591 3100 621 3160 et
651 3097 683 3159 in
714 3098 814 3160 altum
838 3097 924 3176 elati,
955 3097 1010 3161 sed
1033 3098 1086 3178 qui
1109 3114 1172 3161 nou
1195 3098 1442 3180 computauerint

305 3202 397 3264 deum
429 3204 460 3264 et
490 3202 544 3282 qui
571 3201 791 3282 dereliquerint
814 3202 975 3264 domiuum
1000 3202 1084 3264 etin
1108 3202 1186 3265 iram
1208 3204 1442 3283 prouocauerint

305 3308 450 3369 sanctum
473 3306 606 3368 Israelis.
646 3306 752 3368 omnia
781 3306 874 3388 plane
896 3306 1013 3369 Iudaeo
1036 3324 1184 3369 concessa
1213 3305 1366 3386 dicemus,
1396 3307 1441 3369 cui

304 3411 399 3474 etiam
422 3411 560 3474 condicio
582 3411 701 3493 gratior
724 3430 866 3493 quaeque
889 3412 926 3474 de
949 3413 1024 3495 gula
1043 3416 1149 3492 erepta
1166 3414 1223 3492 est,
1248 3411 1364 3475 nedum
1378 3412 1442 3493 ipsa

303 3518 388 3579 terra
410 3519 557 3598 paternae
580 3516 803 3597 promissionis.
850 3519 942 3597 atque
967 3516 1042 3579 adeo
1065 3534 1127 3579 non
1151 3516 1255 3579 minus
1279 3514 1371 3579 hodie
1393 3516 1441 3578 Iu-

410 3643 454 3711 15]
474 3642 507 3696 ci.
521 3643 597 3697 Rom.
611 3647 636 3708 9,
648 3645 673 3697 4.
737 3643 782 3711 19]
800 3643 864 3697 Luc.
879 3646 919 3707 15,
933 3645 974 3698 29.
1040 3642 1085 3712 23]
1104 3642 1168 3697 Lno.
1183 3646 1223 3707 15,
1237 3644 1278 3698 31.
1346 3642 1392 3711 25]
1410 3640 1440 3695 cf.

304 3731 558 3798 Es.6‚1o.1‚2sq.

348 3848 364 3900 2
384 3861 462 3913 quem
484 3844 545 3898 (161.-
564 3856 644 3911 quam
662 3845 689 3897 B
742 3844 913 3912 3putaueris
934 3845 997 3899 Gcl:
1013 3844 1150 3913 putauerit
1168 3845 1196 3898 Β
1249 3842 1366 3897 colorum
1382 3843 1441 3897 Get:

305 3933 454 3987 seculorum
472 3933 500 3985 Β
563 3933 580 3984 4
599 3947 694 3984 unasse
711 3933 825 4000 scripsi:
843 3947 945 3984 amasse
964 3934 998 3998 B,
1019 3932 1148 3984 animasse
1172 3932 1230 3997 Urs,
1249 3930 1371 3983 hamasse
1389 3932 1442 3985 Ina

304 4020 407 4074 erudite
425 4020 511 4074 Hild:
529 4018 633 4071 erudito
646 4021 673 4073 Β
726 4019 788 4074 5in
807 4022 919 4086 utroque
938 4035 1044 4087 corpore
1061 4018 1214 4072 homiuibus
1231 4018 1304 4072 Hild
1357 4021 1440 4073 61η-

305 4108 386 4161 ducta
406 4107 469 4161 del.-
487 4106 642 4159 traductum
661 4108 688 4160 B
758 4106 893 4161 alumine
914 4106 976 4161 Gel:
993 4106 1094 4158 liminis
1113 4106 1139 4159 Β
1211 4108 1244 4161 12
1262 4105 1361 4158 maiore
1382 4106 1441 4159 Gal:

304 4195 473 4247 maioremB
522 4195 554 4248 18
572 4193 658 4261 carpit
673 4193 737 4247 Gel:
755 4193 914 4262 carpiturB
963 4196 994 4248 19
1014 4192 1166 4260 quotannis
1182 4192 1245 4247 Gcl:
1263 4192 1440 4259 quotannisB

304 4284 335 4337 21
355 4280 495 4335 traducem
513 4280 542 4333 in
560 4279 645 4333 hortis
664 4282 730 4336 Sccl
782 4283 816 4335 22
835 4296 978 4349 aspernans
1000 4281 1052 4336 Urs
1106 4279 1143 4332 sie
1161 4294 1209 4331 nee
1231 4279 1293 4334 Gcl:
1310 4279 1349 4332 sic
1367 4278 1440 4332 neB

305 4372 338 4428 26
357 4369 437 4422 deum
459 4368 488 4437 0,
507 4366 646 4421 dominum
664 4369 692 4421 Β
