<?xml version="1.0" encoding="UTF-8"?>
<!DOCTYPE html PUBLIC "-//W3C//DTD XHTML 1.0 Transitional//EN"
    "http://www.w3.org/TR/xhtml1/DTD/xhtml1-transitional.dtd">
<html xmlns="http://www.w3.org/1999/xhtml" xml:lang="en" lang="en">
 <head>
  <title>
</title>
<meta http-equiv="Content-Type" content="text/html;charset=utf-8" />
  <meta name='ocr-system' content='tesseract 3.04.00' />
  <meta name='ocr-capabilities' content='ocr_page ocr_carea ocr_par ocr_line ocrx_word'/>
</head>
<body>
  <div class='ocr_page' id='page_1' title='image "./corpusscriptoru24wissgoog/corpusscriptoru24wissgoog_0222.png"; bbox 0 0 3200 5034; ppageno 0'>
   <div class='ocr_carea' id='block_1_1' title="bbox 603 440 1373 509">
    <p class='ocr_par' dir='ltr' id='par_1_1' title="bbox 603 440 1373 509">
     <span class='ocr_line' id='line_1_1' title="bbox 603 440 1373 509; baseline 0.016 -16"><span class='ocrx_word' id='word_1_1' title='bbox 603 441 664 494; x_wconf 84' lang='lat' dir='ltr'>VII.</span> <span class='ocrx_word' id='word_1_2' title='bbox 683 442 728 494; x_wconf 89' lang='lat' dir='ltr'>De</span> <span class='ocrx_word' id='word_1_3' title='bbox 745 440 910 509; x_wconf 89' lang='lat' dir='ltr'>baptismo</span> <span class='ocrx_word' id='word_1_4' title='bbox 928 442 1004 496; x_wconf 79' lang='lat'>2-4.</span> <span class='ocrx_word' id='word_1_5' title='bbox 1310 440 1373 505; x_wconf 76' lang='grc'>203</span> 
     </span>
    </p>
   </div>
   <div class='ocr_carea' id='block_1_2' title="bbox 191 617 1432 3633">
    <p class='ocr_par' dir='ltr' id='par_1_2' title="bbox 233 617 1374 684">
     <span class='ocr_line' id='line_1_2' title="bbox 233 617 1374 684; baseline -0.002 -1"><span class='ocrx_word' id='word_1_6' title='bbox 233 618 353 683; x_wconf 91' lang='lat' dir='ltr'>scilicet</span> <span class='ocrx_word' id='word_1_7' title='bbox 378 619 488 683; x_wconf 88' lang='lat' dir='ltr'>ceteris</span> <span class='ocrx_word' id='word_1_8' title='bbox 514 622 590 682; x_wconf 91' lang='lat' dir='ltr'>tunc</span> <span class='ocrx_word' id='word_1_9' title='bbox 618 617 791 682; x_wconf 91' lang='lat' dir='ltr'>elementis.</span> <span class='ocrx_word' id='word_1_10' title='bbox 838 635 912 682; x_wconf 89' lang='lat' dir='ltr'>nam</span> <span class='ocrx_word' id='word_1_11' title='bbox 940 620 971 681; x_wconf 94' lang='lat' dir='ltr'>et</span> <span class='ocrx_word' id='word_1_12' title='bbox 996 618 1143 682; x_wconf 79' lang='lat' dir='ltr'>tenebrae</span> <span class='ocrx_word' id='word_1_13' title='bbox 1166 622 1250 684; x_wconf 91' lang='lat' dir='ltr'>totae</span> <span class='ocrx_word' id='word_1_14' title='bbox 1274 618 1374 682; x_wconf 89' lang='lat' dir='ltr'>adhue</span> 
     </span>
    </p>

    <p class='ocr_par' dir='ltr' id='par_1_3' title="bbox 191 721 1431 3005">
     <span class='ocr_line' id='line_1_3' title="bbox 191 721 1374 805; baseline -0.002 -17"><span class='ocrx_word' id='word_1_15' title='bbox 191 758 196 761; x_wconf 96' lang='lat'>·</span> <span class='ocrx_word' id='word_1_16' title='bbox 234 724 302 788; x_wconf 92' lang='lat' dir='ltr'>sine</span> <span class='ocrx_word' id='word_1_17' title='bbox 332 724 418 787; x_wconf 90' lang='lat' dir='ltr'>cultu</span> <span class='ocrx_word' id='word_1_18' title='bbox 448 723 585 787; x_wconf 88' lang='lat' dir='ltr'>siderum</span> <span class='ocrx_word' id='word_1_19' title='bbox 614 722 765 787; x_wconf 86' lang='lat' dir='ltr'>informes</span> <span class='ocrx_word' id='word_1_20' title='bbox 796 724 828 785; x_wconf 94' lang='lat' dir='ltr'>et</span> <span class='ocrx_word' id='word_1_21' title='bbox 856 721 954 785; x_wconf 90' lang='lat' dir='ltr'>tristis</span> <span class='ocrx_word' id='word_1_22' title='bbox 985 722 1117 805; x_wconf 84' lang='lat' dir='ltr'><strong>abyssus</strong></span> <span class='ocrx_word' id='word_1_23' title='bbox 1148 728 1180 786; x_wconf 87' lang='lat' dir='ltr'>et</span> <span class='ocrx_word' id='word_1_24' title='bbox 1210 726 1294 786; x_wconf 91' lang='lat' dir='ltr'>terra</span> <span class='ocrx_word' id='word_1_25' title='bbox 1326 722 1374 786; x_wconf 93' lang='lat' dir='ltr'>in-</span> 
     </span>
     <span class='ocr_line' id='line_1_4' title="bbox 234 826 1374 911; baseline -0.003 -19"><span class='ocrx_word' id='word_1_26' title='bbox 234 831 343 911; x_wconf 85' lang='lat' dir='ltr'>parata</span> <span class='ocrx_word' id='word_1_27' title='bbox 366 831 397 892; x_wconf 90' lang='lat' dir='ltr'>et</span> <span class='ocrx_word' id='word_1_28' title='bbox 419 827 542 891; x_wconf 89' lang='lat' dir='ltr'>caelum</span> <span class='ocrx_word' id='word_1_29' title='bbox 562 828 654 901; x_wconf 88' lang='lat' dir='ltr'>ruds;</span> <span class='ocrx_word' id='word_1_30' title='bbox 682 827 767 892; x_wconf 92' lang='lat' dir='ltr'>solus</span> <span class='ocrx_word' id='word_1_31' title='bbox 790 826 901 908; x_wconf 90' lang='lat' dir='ltr'>liquor,</span> <span class='ocrx_word' id='word_1_32' title='bbox 929 845 1051 908; x_wconf 90' lang='lat' dir='ltr'>semper</span> <span class='ocrx_word' id='word_1_33' title='bbox 1074 827 1205 891; x_wconf 89' lang='lat' dir='ltr'>materia</span> <span class='ocrx_word' id='word_1_34' title='bbox 1226 826 1374 909; x_wconf 80' lang='lat' dir='ltr'>perfetta,</span> 
     </span>
     <span class='ocr_line' id='line_1_5' title="bbox 233 929 1373 1015; baseline -0.004 -18"><span class='ocrx_word' id='word_1_35' title='bbox 233 934 327 1013; x_wconf 87' lang='lat' dir='ltr'>laeta,</span> <span class='ocrx_word' id='word_1_36' title='bbox 349 932 491 1014; x_wconf 83' lang='lat' dir='ltr'>simplex,</span> <span class='ocrx_word' id='word_1_37' title='bbox 512 932 550 995; x_wconf 89' lang='lat' dir='ltr'>de</span> <span class='ocrx_word' id='word_1_38' title='bbox 571 950 627 996; x_wconf 91' lang='lat' dir='ltr'>suo</span> <span class='ocrx_word' id='word_1_39' title='bbox 647 950 735 1015; x_wconf 91' lang='lat' dir='ltr'>pura,</span> <span class='ocrx_word' id='word_1_40' title='bbox 756 930 887 1014; x_wconf 89' lang='lat' dir='ltr'>dignum</span> <span class='ocrx_word' id='word_1_41' title='bbox 902 932 1100 996; x_wconf 88' lang='lat' dir='ltr'>uectaoulum</span> <span class='ocrx_word' id='word_1_42' title='bbox 1116 931 1173 995; x_wconf 93' lang='lat' dir='ltr'>deo</span> <span class='ocrx_word' id='word_1_43' title='bbox 1189 929 1373 995; x_wconf 81' lang='lat' dir='ltr'>subiciebat.</span> 
     </span>
     <span class='ocr_line' id='line_1_6' title="bbox 235 1035 1426 1119; baseline 0 -18"><span class='ocrx_word' id='word_1_44' title='bbox 235 1037 308 1119; x_wconf 92' lang='lat' dir='ltr'>quid</span> <span class='ocrx_word' id='word_1_45' title='bbox 328 1037 409 1119; x_wconf 93' lang='lat' dir='ltr'>quod</span> <span class='ocrx_word' id='word_1_46' title='bbox 430 1036 540 1101; x_wconf 83' lang='lat' dir='ltr'>exinde</span> <span class='ocrx_word' id='word_1_47' title='bbox 560 1036 721 1119; x_wconf 90' lang='lat' dir='ltr'>dispositio</span> <span class='ocrx_word' id='word_1_48' title='bbox 741 1037 851 1102; x_wconf 91' lang='lat' dir='ltr'>mundi</span> <span class='ocrx_word' id='word_1_49' title='bbox 871 1035 1126 1101; x_wconf 78' lang='lat' dir='ltr'>modulatricibus</span> <span class='ocrx_word' id='word_1_50' title='bbox 1148 1036 1374 1118; x_wconf 86' lang='lat' dir='ltr'>quodammode</span> <span class='ocrx_word' id='word_1_51' title='bbox 1414 1063 1426 1101; x_wconf 78' lang='lat' dir='ltr'>a</span> 
     </span>
     <span class='ocr_line' id='line_1_7' title="bbox 235 1140 1376 1224; baseline -0.004 -17"><span class='ocrx_word' id='word_1_52' title='bbox 235 1142 324 1224; x_wconf 86' lang='lat' dir='ltr'>aquis</span> <span class='ocrx_word' id='word_1_53' title='bbox 344 1142 401 1206; x_wconf 95' lang='lat' dir='ltr'>deo</span> <span class='ocrx_word' id='word_1_54' title='bbox 421 1141 581 1207; x_wconf 80' lang='lat' dir='ltr'>constitit?</span> <span class='ocrx_word' id='word_1_55' title='bbox 615 1160 689 1205; x_wconf 92' lang='lat' dir='ltr'>nam</span> <span class='ocrx_word' id='word_1_56' title='bbox 708 1145 745 1206; x_wconf 91' lang='lat' dir='ltr'>ut</span> <span class='ocrx_word' id='word_1_57' title='bbox 764 1141 999 1206; x_wconf 87' lang='lat' dir='ltr'>firmamentum</span> <span class='ocrx_word' id='word_1_58' title='bbox 1018 1141 1152 1205; x_wconf 81' lang='lat' dir='ltr'>caeleate</span> <span class='ocrx_word' id='word_1_59' title='bbox 1171 1140 1376 1223; x_wconf 87' lang='lat' dir='ltr'>suspenderet</span> 
     </span>
     <span class='ocr_line' id='line_1_8' title="bbox 235 1245 1376 1327; baseline -0.003 -16"><span class='ocrx_word' id='word_1_60' title='bbox 235 1248 269 1311; x_wconf 90' lang='lat' dir='ltr'>in</span> <span class='ocrx_word' id='word_1_61' title='bbox 292 1246 473 1327; x_wconf 90' lang='lat' dir='ltr'>medietate,</span> <span class='ocrx_word' id='word_1_62' title='bbox 497 1246 652 1311; x_wconf 84' lang='lat' dir='ltr'>distinctis</span> <span class='ocrx_word' id='word_1_63' title='bbox 676 1246 765 1327; x_wconf 87' lang='lat' dir='ltr'>aquis</span> <span class='ocrx_word' id='word_1_64' title='bbox 788 1247 876 1321; x_wconf 89' lang='lat' dir='ltr'>fecit;</span> <span class='ocrx_word' id='word_1_65' title='bbox 905 1249 940 1310; x_wconf 90' lang='lat' dir='ltr'>ut</span> <span class='ocrx_word' id='word_1_66' title='bbox 961 1248 1078 1310; x_wconf 92' lang='lat' dir='ltr'>terram</span> <span class='ocrx_word' id='word_1_67' title='bbox 1101 1245 1222 1310; x_wconf 93' lang='lat' dir='ltr'>aridam</span> <span class='ocrx_word' id='word_1_68' title='bbox 1245 1263 1376 1327; x_wconf 89' lang='lat' dir='ltr'>suspen·</span> 
     </span>
     <span class='ocr_line' id='line_1_9' title="bbox 235 1351 1376 1436; baseline -0.002 -21"><span class='ocrx_word' id='word_1_69' title='bbox 235 1352 332 1432; x_wconf 88' lang='lat' dir='ltr'>deret,</span> <span class='ocrx_word' id='word_1_70' title='bbox 356 1352 527 1436; x_wconf 87' lang='lat' dir='ltr'>segregatis</span> <span class='ocrx_word' id='word_1_71' title='bbox 550 1351 638 1433; x_wconf 89' lang='lat' dir='ltr'>aquis</span> <span class='ocrx_word' id='word_1_72' title='bbox 662 1351 804 1433; x_wconf 82' lang='lat' dir='ltr'>expediit.</span> <span class='ocrx_word' id='word_1_73' title='bbox 850 1351 990 1416; x_wconf 93' lang='lat' dir='ltr'>ordinato</span> <span class='ocrx_word' id='word_1_74' title='bbox 1014 1351 1124 1415; x_wconf 89' lang='lat' dir='ltr'>dehinc</span> <span class='ocrx_word' id='word_1_75' title='bbox 1146 1370 1201 1433; x_wconf 92' lang='lat' dir='ltr'>per</span> <span class='ocrx_word' id='word_1_76' title='bbox 1222 1351 1376 1414; x_wconf 90' lang='lat' dir='ltr'>elementa</span> 
     </span>
     <span class='ocr_line' id='line_1_10' title="bbox 235 1456 1377 1538; baseline -0.003 -18"><span class='ocrx_word' id='word_1_77' title='bbox 235 1458 352 1521; x_wconf 91' lang='lat' dir='ltr'>mundo</span> <span class='ocrx_word' id='word_1_78' title='bbox 383 1475 455 1520; x_wconf 90' lang='lat' dir='ltr'>cum</span> <span class='ocrx_word' id='word_1_79' title='bbox 485 1456 605 1520; x_wconf 84' lang='lat' dir='ltr'>incolae</span> <span class='ocrx_word' id='word_1_80' title='bbox 635 1456 797 1536; x_wconf 89' lang='lat' dir='ltr'>darentur,</span> <span class='ocrx_word' id='word_1_81' title='bbox 831 1456 938 1538; x_wconf 88' lang='lat' dir='ltr'>primis</span> <span class='ocrx_word' id='word_1_82' title='bbox 971 1456 1060 1537; x_wconf 90' lang='lat' dir='ltr'>aquis</span> <span class='ocrx_word' id='word_1_83' title='bbox 1092 1458 1295 1538; x_wconf 87' lang='lat' dir='ltr'>praeceptum</span> <span class='ocrx_word' id='word_1_84' title='bbox 1329 1457 1377 1517; x_wconf 91' lang='lat' dir='ltr'>est</span> 
     </span>
     <span class='ocr_line' id='line_1_11' title="bbox 235 1560 1428 1644; baseline -0.003 -18"><span class='ocrx_word' id='word_1_85' title='bbox 235 1562 358 1626; x_wconf 92' lang='lat' dir='ltr'>animas</span> <span class='ocrx_word' id='word_1_86' title='bbox 377 1562 524 1644; x_wconf 89' lang='lat' dir='ltr'>proferre.</span> <span class='ocrx_word' id='word_1_87' title='bbox 561 1561 680 1643; x_wconf 91' lang='lat' dir='ltr'>primus</span> <span class='ocrx_word' id='word_1_88' title='bbox 699 1561 801 1642; x_wconf 88' lang='lat' dir='ltr'>liquor</span> <span class='ocrx_word' id='word_1_89' title='bbox 822 1562 903 1643; x_wconf 92' lang='lat' dir='ltr'>quod</span> <span class='ocrx_word' id='word_1_90' title='bbox 925 1560 1047 1625; x_wconf 92' lang='lat' dir='ltr'>uiueret</span> <span class='ocrx_word' id='word_1_91' title='bbox 1070 1560 1180 1640; x_wconf 84' lang='lat' dir='ltr'>edidit,¹</span> <span class='ocrx_word' id='word_1_92' title='bbox 1199 1579 1238 1623; x_wconf 94' lang='lat' dir='ltr'>ne</span> <span class='ocrx_word' id='word_1_93' title='bbox 1261 1560 1375 1623; x_wconf 93' lang='lat' dir='ltr'>mirum</span> <span class='ocrx_word' id='word_1_94' title='bbox 1405 1585 1428 1623; x_wconf 82' lang='grc' dir='ltr'>ιο</span> 
     </span>
     <span class='ocr_line' id='line_1_12' title="bbox 236 1664 1376 1749; baseline -0.003 -19"><span class='ocrx_word' id='word_1_95' title='bbox 236 1667 332 1730; x_wconf 91' lang='lat' dir='ltr'>sitin</span> <span class='ocrx_word' id='word_1_96' title='bbox 354 1665 523 1749; x_wconf 91' lang='lat' dir='ltr'>baptismo,</span> <span class='ocrx_word' id='word_1_97' title='bbox 547 1667 574 1729; x_wconf 94' lang='lat' dir='ltr'>si</span> <span class='ocrx_word' id='word_1_98' title='bbox 596 1684 694 1747; x_wconf 89' lang='lat' dir='ltr'>aquae</span> <span class='ocrx_word' id='word_1_99' title='bbox 718 1665 857 1729; x_wconf 90' lang='lat' dir='ltr'>animare</span> <span class='ocrx_word' id='word_1_100' title='bbox 880 1668 1043 1729; x_wconf 85' lang='lat' dir='ltr'>acuerunt.</span> <span class='ocrx_word' id='word_1_101' title='bbox 1086 1682 1147 1728; x_wconf 92' lang='lat' dir='ltr'>non</span> <span class='ocrx_word' id='word_1_102' title='bbox 1172 1665 1255 1727; x_wconf 92' lang='lat' dir='ltr'>enim</span> <span class='ocrx_word' id='word_1_103' title='bbox 1278 1664 1376 1746; x_wconf 90' lang='lat' dir='ltr'>ipsius</span> 
     </span>
     <span class='ocr_line' id='line_1_13' title="bbox 237 1768 1377 1853; baseline -0.003 -18"><span class='ocrx_word' id='word_1_104' title='bbox 237 1789 358 1853; x_wconf 91' lang='lat' dir='ltr'>quoque</span> <span class='ocrx_word' id='word_1_105' title='bbox 388 1771 537 1835; x_wconf 92' lang='lat' dir='ltr'>hominis·</span> <span class='ocrx_word' id='word_1_106' title='bbox 553 1770 708 1853; x_wconf 89' lang='lat' dir='ltr'>figurandi</span> <span class='ocrx_word' id='word_1_107' title='bbox 738 1788 814 1852; x_wconf 90' lang='lat' dir='ltr'>opus</span> <span class='ocrx_word' id='word_1_108' title='bbox 847 1769 1039 1834; x_wconf 80' lang='lat' dir='ltr'>sociantibus</span> <span class='ocrx_word' id='word_1_109' title='bbox 1074 1769 1162 1851; x_wconf 91' lang='lat' dir='ltr'>aquis</span> <span class='ocrx_word' id='word_1_110' title='bbox 1197 1768 1377 1833; x_wconf 87' lang='lat' dir='ltr'>absolutum</span> 
     </span>
     <span class='ocr_line' id='line_1_14' title="bbox 237 1872 1377 1955; baseline -0.003 -16"><span class='ocrx_word' id='word_1_111' title='bbox 237 1878 306 1939; x_wconf 82' lang='lat' dir='ltr'>est?</span> <span class='ocrx_word' id='word_1_112' title='bbox 351 1876 389 1939; x_wconf 94' lang='lat' dir='ltr'>de</span> <span class='ocrx_word' id='word_1_113' title='bbox 415 1878 500 1939; x_wconf 91' lang='lat' dir='ltr'>terra</span> <span class='ocrx_word' id='word_1_114' title='bbox 526 1875 657 1939; x_wconf 90' lang='lat' dir='ltr'>materia</span> <span class='ocrx_word' id='word_1_115' title='bbox 683 1875 844 1955; x_wconf 90' lang='lat' dir='ltr'>conuenit,</span> <span class='ocrx_word' id='word_1_116' title='bbox 875 1892 937 1939; x_wconf 89' lang='lat' dir='ltr'>non</span> <span class='ocrx_word' id='word_1_117' title='bbox 967 1876 1074 1937; x_wconf 86' lang='lat' dir='ltr'>tamen</span> <span class='ocrx_word' id='word_1_118' title='bbox 1104 1873 1203 1937; x_wconf 86' lang='lat' dir='ltr'>habili</span> <span class='ocrx_word' id='word_1_119' title='bbox 1233 1872 1292 1937; x_wconf 90' lang='lat' dir='ltr'>nisi</span> <span class='ocrx_word' id='word_1_120' title='bbox 1319 1873 1377 1936; x_wconf 93' lang='lat' dir='ltr'>hu-</span> 
     </span>
     <span class='ocr_line' id='line_1_15' title="bbox 236 1969 1377 2061; baseline -0.004 -17"><span class='ocrx_word' id='word_1_121' title='bbox 236 1983 341 2044; x_wconf 91' lang='lat' dir='ltr'>mecta</span> <span class='ocrx_word' id='word_1_122' title='bbox 363 1983 394 2044; x_wconf 93' lang='lat' dir='ltr'>et</span> <span class='ocrx_word' id='word_1_123' title='bbox 418 1980 538 2059; x_wconf 88' lang='lat' dir='ltr'>sucida,</span> <span class='ocrx_word' id='word_1_124' title='bbox 566 1998 660 2061; x_wconf 92' lang='lat' dir='ltr'>quam</span> <span class='ocrx_word' id='word_1_125' title='bbox 684 1969 804 2044; x_wconf 90' lang='lat' dir='ltr'>scilicet</span> <span class='ocrx_word' id='word_1_126' title='bbox 825 1982 897 2043; x_wconf 92' lang='lat' dir='ltr'>ante</span> <span class='ocrx_word' id='word_1_127' title='bbox 921 1981 1067 2060; x_wconf 88' lang='lat' dir='ltr'>quartum</span> <span class='ocrx_word' id='word_1_128' title='bbox 1090 1979 1172 2042; x_wconf 89' lang='lat' dir='ltr'>diem</span> <span class='ocrx_word' id='word_1_129' title='bbox 1195 1980 1377 2061; x_wconf 84' lang='lat' dir='ltr'>segregatae</span> 
     </span>
     <span class='ocr_line' id='line_1_16' title="bbox 238 2083 1429 2168; baseline -0.001 -20"><span class='ocrx_word' id='word_1_130' title='bbox 238 2102 335 2166; x_wconf 91' lang='lat' dir='ltr'>aquae</span> <span class='ocrx_word' id='word_1_131' title='bbox 358 2085 392 2148; x_wconf 93' lang='lat' dir='ltr'>in</span> <span class='ocrx_word' id='word_1_132' title='bbox 415 2086 583 2149; x_wconf 90' lang='lat' dir='ltr'>stationem</span> <span class='ocrx_word' id='word_1_133' title='bbox 605 2104 695 2149; x_wconf 91' lang='lat' dir='ltr'>suam</span> <span class='ocrx_word' id='word_1_134' title='bbox 718 2085 886 2168; x_wconf 85' lang='lat' dir='ltr'>superstite</span> <span class='ocrx_word' id='word_1_135' title='bbox 909 2084 1039 2148; x_wconf 90' lang='lat' dir='ltr'>humore</span> <span class='ocrx_word' id='word_1_136' title='bbox 1058 2083 1132 2148; x_wconf 88' lang='lat' dir='ltr'>iimo</span> <span class='ocrx_word' id='word_1_137' title='bbox 1153 2084 1375 2165; x_wconf 86' lang='lat' dir='ltr'>temperarant.</span> <span class='ocrx_word' id='word_1_138' title='bbox 1405 2108 1429 2147; x_wconf 84' lang='lat'>15</span> 
     </span>
     <span class='ocr_line' id='line_1_17' title="bbox 237 2186 1377 2273; baseline -0.004 -20"><span class='ocrx_word' id='word_1_139' title='bbox 237 2190 264 2253; x_wconf 94' lang='lat' dir='ltr'>si</span> <span class='ocrx_word' id='word_1_140' title='bbox 281 2189 389 2253; x_wconf 81' lang='lat' dir='ltr'>exinde</span> <span class='ocrx_word' id='word_1_141' title='bbox 409 2190 556 2254; x_wconf 90' lang='lat' dir='ltr'>uniuersa</span> <span class='ocrx_word' id='word_1_142' title='bbox 576 2191 627 2253; x_wconf 92' lang='lat' dir='ltr'>uel</span> <span class='ocrx_word' id='word_1_143' title='bbox 647 2191 738 2273; x_wconf 93' lang='lat' dir='ltr'>plura</span> <span class='ocrx_word' id='word_1_144' title='bbox 756 2206 936 2273; x_wconf 88' lang='lat' dir='ltr'>prosequar,</span> <span class='ocrx_word' id='word_1_145' title='bbox 960 2206 1039 2271; x_wconf 88' lang='lat' dir='ltr'>quae</span> <span class='ocrx_word' id='word_1_146' title='bbox 1061 2188 1098 2251; x_wconf 92' lang='lat' dir='ltr'>de</span> <span class='ocrx_word' id='word_1_147' title='bbox 1119 2187 1266 2251; x_wconf 91' lang='lat' dir='ltr'>elementi</span> <span class='ocrx_word' id='word_1_148' title='bbox 1286 2186 1377 2249; x_wconf 90' lang='lat' dir='ltr'>istius</span> 
     </span>
     <span class='ocr_line' id='line_1_18' title="bbox 238 2291 1379 2376; baseline -0.005 -17"><span class='ocrx_word' id='word_1_149' title='bbox 238 2296 421 2359; x_wconf 84' lang='lat' dir='ltr'>auctoritate</span> <span class='ocrx_word' id='word_1_150' title='bbox 444 2312 698 2374; x_wconf 88' lang='lat' dir='ltr'>commemorem,</span> <span class='ocrx_word' id='word_1_151' title='bbox 721 2298 840 2376; x_wconf 89' lang='lat' dir='ltr'>quanta</span> <span class='ocrx_word' id='word_1_152' title='bbox 862 2294 911 2357; x_wconf 89' lang='lat' dir='ltr'>uis</span> <span class='ocrx_word' id='word_1_153' title='bbox 935 2294 1002 2357; x_wconf 92' lang='lat' dir='ltr'>eius</span> <span class='ocrx_word' id='word_1_154' title='bbox 1026 2296 1081 2356; x_wconf 91' lang='lat' dir='ltr'>aut</span> <span class='ocrx_word' id='word_1_155' title='bbox 1103 2292 1212 2375; x_wconf 87' lang='lat' dir='ltr'>gratia,</span> <span class='ocrx_word' id='word_1_156' title='bbox 1237 2294 1312 2373; x_wconf 91' lang='lat' dir='ltr'>quot</span> <span class='ocrx_word' id='word_1_157' title='bbox 1330 2291 1379 2354; x_wconf 92' lang='lat' dir='ltr'>in·</span> 
     </span>
     <span class='ocr_line' id='line_1_19' title="bbox 237 2398 1378 2483; baseline -0.004 -20"><span class='ocrx_word' id='word_1_158' title='bbox 237 2401 340 2483; x_wconf 91' lang='lat' dir='ltr'>genia,</span> <span class='ocrx_word' id='word_1_159' title='bbox 360 2403 436 2481; x_wconf 91' lang='lat' dir='ltr'>quot</span> <span class='ocrx_word' id='word_1_160' title='bbox 455 2399 566 2480; x_wconf 86' lang='lat' dir='ltr'>officia,</span> <span class='ocrx_word' id='word_1_161' title='bbox 587 2402 741 2481; x_wconf 89' lang='lat' dir='ltr'>quantum</span> <span class='ocrx_word' id='word_1_162' title='bbox 756 2400 1002 2463; x_wconf 86' lang='lat' dir='ltr'>instrumentum</span> <span class='ocrx_word' id='word_1_163' title='bbox 1018 2398 1135 2462; x_wconf 94' lang='lat' dir='ltr'>mundo</span> <span class='ocrx_word' id='word_1_164' title='bbox 1150 2398 1240 2477; x_wconf 87' lang='lat' dir='ltr'>ferat,</span> <span class='ocrx_word' id='word_1_165' title='bbox 1260 2413 1378 2476; x_wconf 89' lang='lat' dir='ltr'>uereor,</span> 
     </span>
     <span class='ocr_line' id='line_1_20' title="bbox 235 2500 1379 2586; baseline -0.003 -18"><span class='ocrx_word' id='word_1_166' title='bbox 235 2523 276 2568; x_wconf 95' lang='lat' dir='ltr'>ne</span> <span class='ocrx_word' id='word_1_167' title='bbox 298 2503 406 2567; x_wconf 89' lang='lat' dir='ltr'>laudes</span> <span class='ocrx_word' id='word_1_168' title='bbox 430 2522 527 2585; x_wconf 89' lang='lat' dir='ltr'>aquae</span> <span class='ocrx_word' id='word_1_169' title='bbox 549 2504 654 2586; x_wconf 92' lang='lat' dir='ltr'>potius</span> <span class='ocrx_word' id='word_1_170' title='bbox 678 2522 772 2585; x_wconf 88' lang='lat' dir='ltr'>quam</span> <span class='ocrx_word' id='word_1_171' title='bbox 794 2502 943 2585; x_wconf 84' lang='lat' dir='ltr'>baptismi</span> <span class='ocrx_word' id='word_1_172' title='bbox 964 2502 1101 2565; x_wconf 91' lang='lat' dir='ltr'>rationes</span> <span class='ocrx_word' id='word_1_173' title='bbox 1124 2500 1230 2565; x_wconf 88' lang='lat' dir='ltr'>uidear</span> <span class='ocrx_word' id='word_1_174' title='bbox 1251 2518 1379 2584; x_wconf 86' lang='lat' dir='ltr'>congre·</span> 
     </span>
     <span class='ocr_line' id='line_1_21' title="bbox 236 2605 1431 2691; baseline -0.005 -19"><span class='ocrx_word' id='word_1_175' title='bbox 236 2626 343 2691; x_wconf 88' lang='lat' dir='ltr'>gasse:</span> <span class='ocrx_word' id='word_1_176' title='bbox 370 2608 445 2672; x_wconf 91' lang='lat' dir='ltr'>licet</span> <span class='ocrx_word' id='word_1_177' title='bbox 468 2627 503 2672; x_wconf 94' lang='lat' dir='ltr'>eo</span> <span class='ocrx_word' id='word_1_178' title='bbox 527 2608 649 2690; x_wconf 92' lang='lat' dir='ltr'>plenius</span> <span class='ocrx_word' id='word_1_179' title='bbox 673 2608 817 2672; x_wconf 88' lang='lat' dir='ltr'>docerem</span> <span class='ocrx_word' id='word_1_180' title='bbox 839 2625 902 2671; x_wconf 95' lang='lat' dir='ltr'>non</span> <span class='ocrx_word' id='word_1_181' title='bbox 926 2625 994 2671; x_wconf 90' lang='lat' dir='ltr'>esse</span> <span class='ocrx_word' id='word_1_182' title='bbox 1017 2606 1234 2685; x_wconf 90' lang='lat' dir='ltr'>dubitandum,</span> <span class='ocrx_word' id='word_1_183' title='bbox 1262 2605 1289 2669; x_wconf 93' lang='lat' dir='ltr'>si</span> <span class='ocrx_word' id='word_1_184' title='bbox 1312 2623 1379 2668; x_wconf 93' lang='lat' dir='ltr'>ma·</span> <span class='ocrx_word' id='word_1_185' title='bbox 1406 2629 1431 2669; x_wconf 80' lang='lat'>20</span> 
     </span>
     <span class='ocr_line' id='line_1_22' title="bbox 236 2709 1378 2794; baseline -0.004 -18"><span class='ocrx_word' id='word_1_186' title='bbox 236 2713 359 2793; x_wconf 89' lang='lat' dir='ltr'>teriam,</span> <span class='ocrx_word' id='word_1_187' title='bbox 383 2731 479 2794; x_wconf 91' lang='lat' dir='ltr'>quam</span> <span class='ocrx_word' id='word_1_188' title='bbox 499 2714 531 2776; x_wconf 93' lang='lat' dir='ltr'>in</span> <span class='ocrx_word' id='word_1_189' title='bbox 551 2712 697 2777; x_wconf 90' lang='lat' dir='ltr'>omnibus</span> <span class='ocrx_word' id='word_1_190' title='bbox 717 2712 812 2776; x_wconf 92' lang='lat' dir='ltr'>rebus</span> <span class='ocrx_word' id='word_1_191' title='bbox 830 2715 861 2776; x_wconf 92' lang='lat' dir='ltr'>et</span> <span class='ocrx_word' id='word_1_192' title='bbox 877 2711 1021 2794; x_wconf 90' lang='lat' dir='ltr'>operibus</span> <span class='ocrx_word' id='word_1_193' title='bbox 1042 2710 1106 2775; x_wconf 92' lang='lat' dir='ltr'>suis</span> <span class='ocrx_word' id='word_1_194' title='bbox 1123 2710 1200 2774; x_wconf 91' lang='lat' dir='ltr'>deus</span> <span class='ocrx_word' id='word_1_195' title='bbox 1216 2709 1378 2791; x_wconf 87' lang='lat' dir='ltr'>disposuit,</span> 
     </span>
     <span class='ocr_line' id='line_1_23' title="bbox 238 2814 1378 2900; baseline -0.004 -19"><span class='ocrx_word' id='word_1_196' title='bbox 238 2818 335 2882; x_wconf 91' lang='lat' dir='ltr'>etiam</span> <span class='ocrx_word' id='word_1_197' title='bbox 353 2818 386 2881; x_wconf 91' lang='lat' dir='ltr'>in</span> <span class='ocrx_word' id='word_1_198' title='bbox 406 2818 611 2883; x_wconf 87' lang='lat' dir='ltr'>sacramentis</span> <span class='ocrx_word' id='word_1_199' title='bbox 631 2818 763 2900; x_wconf 94' lang='lat' dir='ltr'>propriis</span> <span class='ocrx_word' id='word_1_200' title='bbox 783 2836 892 2899; x_wconf 89' lang='lat' dir='ltr'>parere</span> <span class='ocrx_word' id='word_1_201' title='bbox 911 2815 997 2896; x_wconf 87' lang='lat' dir='ltr'>fecit,</span> <span class='ocrx_word' id='word_1_202' title='bbox 1021 2816 1047 2879; x_wconf 92' lang='lat' dir='ltr'>si</span> <span class='ocrx_word' id='word_1_203' title='bbox 1068 2833 1147 2897; x_wconf 92' lang='lat' dir='ltr'>quae</span> <span class='ocrx_word' id='word_1_204' title='bbox 1166 2814 1266 2878; x_wconf 90' lang='lat' dir='ltr'>uitam</span> <span class='ocrx_word' id='word_1_205' title='bbox 1282 2818 1378 2878; x_wconf 90' lang='lat' dir='ltr'>terre-</span> 
     </span>
     <span class='ocr_line' id='line_1_24' title="bbox 237 2921 935 3005; baseline -0.003 -19"><span class='ocrx_word' id='word_1_206' title='bbox 237 2940 312 2986; x_wconf 88' lang='lat' dir='ltr'>nam</span> <span class='ocrx_word' id='word_1_207' title='bbox 335 2921 500 3005; x_wconf 84' lang='lat' dir='ltr'>gubernat,</span> <span class='ocrx_word' id='word_1_208' title='bbox 524 2924 609 2986; x_wconf 89' lang='lat' dir='ltr'>etin</span> <span class='ocrx_word' id='word_1_209' title='bbox 633 2922 760 2986; x_wconf 90' lang='lat' dir='ltr'>caelesti</span> <span class='ocrx_word' id='word_1_210' title='bbox 782 2925 935 3005; x_wconf 89' lang='lat' dir='ltr'>procurat.</span> 
     </span>
    </p>

    <p class='ocr_par' dir='ltr' id='par_1_4' title="bbox 236 3022 1432 3633">
     <span class='ocr_line' id='line_1_25' title="bbox 280 3022 1380 3110; baseline -0.001 -23"><span class='ocrx_word' id='word_1_211' title='bbox 280 3025 311 3090; x_wconf 90' lang='grc'>4.</span> <span class='ocrx_word' id='word_1_212' title='bbox 334 3025 393 3091; x_wconf 86' lang='lat' dir='ltr'>Sed</span> <span class='ocrx_word' id='word_1_213' title='bbox 410 3045 446 3090; x_wconf 90' lang='lat' dir='ltr'>ea</span> <span class='ocrx_word' id='word_1_214' title='bbox 465 3028 540 3090; x_wconf 92' lang='lat' dir='ltr'>satis</span> <span class='ocrx_word' id='word_1_215' title='bbox 561 3028 619 3090; x_wconf 92' lang='lat' dir='ltr'>erit</span> <span class='ocrx_word' id='word_1_216' title='bbox 639 3028 877 3110; x_wconf 87' lang='lat' dir='ltr'>praecerpsisse,</span> <span class='ocrx_word' id='word_1_217' title='bbox 900 3027 932 3089; x_wconf 93' lang='lat' dir='ltr'>in</span> <span class='ocrx_word' id='word_1_218' title='bbox 953 3024 1064 3107; x_wconf 91' lang='lat' dir='ltr'>quibus</span> <span class='ocrx_word' id='word_1_219' title='bbox 1086 3028 1117 3089; x_wconf 91' lang='lat' dir='ltr'>et</span> <span class='ocrx_word' id='word_1_220' title='bbox 1136 3024 1215 3088; x_wconf 89' lang='lat' dir='ltr'>ratio</span> <span class='ocrx_word' id='word_1_221' title='bbox 1230 3022 1380 3106; x_wconf 89' lang='lat' dir='ltr'>baptismi</span> 
     </span>
     <span class='ocr_line' id='line_1_26' title="bbox 236 3127 1432 3213; baseline -0.003 -17"><span class='ocrx_word' id='word_1_222' title='bbox 236 3131 483 3213; x_wconf 88' lang='lat' dir='ltr'>recognoscitur,</span> <span class='ocrx_word' id='word_1_223' title='bbox 511 3131 649 3213; x_wconf 92' lang='lat' dir='ltr'>primum</span> <span class='ocrx_word' id='word_1_224' title='bbox 676 3132 743 3211; x_wconf 88' lang='lat' dir='ltr'>illa,</span> <span class='ocrx_word' id='word_1_225' title='bbox 772 3149 835 3212; x_wconf 89' lang='lat' dir='ltr'>qua</span> <span class='ocrx_word' id='word_1_226' title='bbox 861 3131 923 3194; x_wconf 89' lang='lat' dir='ltr'>iam</span> <span class='ocrx_word' id='word_1_227' title='bbox 953 3134 1027 3194; x_wconf 91' lang='lat' dir='ltr'>tuno</span> <span class='ocrx_word' id='word_1_228' title='bbox 1057 3129 1151 3193; x_wconf 90' lang='lat' dir='ltr'>etiam</span> <span class='ocrx_word' id='word_1_229' title='bbox 1179 3129 1246 3210; x_wconf 91' lang='lat' dir='ltr'>ipso</span> <span class='ocrx_word' id='word_1_230' title='bbox 1269 3127 1379 3191; x_wconf 90' lang='lat' dir='ltr'>habitu</span> <span class='ocrx_word' id='word_1_231' title='bbox 1406 3152 1432 3192; x_wconf 79' lang='lat' dir='ltr'>rs</span> 
     </span>
     <span class='ocr_line' id='line_1_27' title="bbox 237 3230 1380 3319; baseline -0.004 -20"><span class='ocrx_word' id='word_1_232' title='bbox 237 3233 467 3319; x_wconf 89' lang='lat' dir='ltr'>praenotabant</span> <span class='ocrx_word' id='word_1_233' title='bbox 494 3236 532 3299; x_wconf 92' lang='lat' dir='ltr'>ad</span> <span class='ocrx_word' id='word_1_234' title='bbox 559 3235 710 3317; x_wconf 89' lang='lat' dir='ltr'>baptismi</span> <span class='ocrx_word' id='word_1_235' title='bbox 737 3235 871 3319; x_wconf 90' lang='lat' dir='ltr'>figuram</span> <span class='ocrx_word' id='word_1_236' title='bbox 898 3235 947 3299; x_wconf 91' lang='lat' dir='ltr'>dei</span> <span class='ocrx_word' id='word_1_237' title='bbox 970 3234 1125 3316; x_wconf 90' lang='lat' dir='ltr'>spiritum,</span> <span class='ocrx_word' id='word_1_238' title='bbox 1154 3232 1207 3315; x_wconf 91' lang='lat' dir='ltr'>qui</span> <span class='ocrx_word' id='word_1_239' title='bbox 1232 3230 1270 3295; x_wconf 89' lang='lat' dir='ltr'>ab</span> <span class='ocrx_word' id='word_1_240' title='bbox 1293 3232 1380 3295; x_wconf 89' lang='lat' dir='ltr'>initio</span> 
     </span>
     <span class='ocr_line' id='line_1_28' title="bbox 238 3339 1381 3423; baseline -0.004 -18"><span class='ocrx_word' id='word_1_241' title='bbox 238 3339 517 3422; x_wconf 89' lang='lat' dir='ltr'>superueetabatur</span> <span class='ocrx_word' id='word_1_242' title='bbox 545 3360 637 3422; x_wconf 92' lang='lat' dir='ltr'>super</span> <span class='ocrx_word' id='word_1_243' title='bbox 664 3358 775 3422; x_wconf 83' lang='lat' dir='ltr'>aquae,</span> <span class='ocrx_word' id='word_1_244' title='bbox 808 3360 900 3423; x_wconf 91' lang='lat' dir='ltr'>super</span> <span class='ocrx_word' id='word_1_245' title='bbox 925 3357 1019 3422; x_wconf 90' lang='lat' dir='ltr'>aquas</span> <span class='ocrx_word' id='word_1_246' title='bbox 1048 3339 1251 3403; x_wconf 89' lang='lat' dir='ltr'>intinctorum</span> <span class='ocrx_word' id='word_1_247' title='bbox 1278 3354 1381 3401; x_wconf 89' lang='lat' dir='ltr'>mora·</span> 
     </span>
     <span class='ocr_line' id='line_1_29' title="bbox 237 3442 1379 3527; baseline -0.003 -18"><span class='ocrx_word' id='word_1_248' title='bbox 237 3449 355 3509; x_wconf 90' lang='lat' dir='ltr'>turum.</span> <span class='ocrx_word' id='word_1_249' title='bbox 394 3448 538 3508; x_wconf 91' lang='lat' dir='ltr'>sanetum</span> <span class='ocrx_word' id='word_1_250' title='bbox 561 3448 667 3509; x_wconf 89' lang='lat' dir='ltr'>autem</span> <span class='ocrx_word' id='word_1_251' title='bbox 689 3446 796 3527; x_wconf 93' lang='lat' dir='ltr'>utique</span> <span class='ocrx_word' id='word_1_252' title='bbox 820 3464 913 3526; x_wconf 91' lang='lat' dir='ltr'>super</span> <span class='ocrx_word' id='word_1_253' title='bbox 936 3448 1080 3508; x_wconf 91' lang='lat' dir='ltr'>sanetum</span> <span class='ocrx_word' id='word_1_254' title='bbox 1103 3442 1263 3507; x_wconf 87' lang='lat' dir='ltr'>ferebatur</span> <span class='ocrx_word' id='word_1_255' title='bbox 1287 3445 1318 3505; x_wconf 89' lang='lat' dir='ltr'>et</span> <span class='ocrx_word' id='word_1_256' title='bbox 1341 3442 1379 3506; x_wconf 88' lang='lat' dir='ltr'>ab</span> 
     </span>
     <span class='ocr_line' id='line_1_30' title="bbox 238 3549 1380 3633; baseline -0.004 -19"><span class='ocrx_word' id='word_1_257' title='bbox 238 3568 285 3631; x_wconf 90' lang='lat' dir='ltr'>eo,</span> <span class='ocrx_word' id='word_1_258' title='bbox 309 3550 391 3631; x_wconf 89' lang='lat' dir='ltr'>quod</span> <span class='ocrx_word' id='word_1_259' title='bbox 414 3549 680 3633; x_wconf 87' lang='lat' dir='ltr'>superferebatur,</span> <span class='ocrx_word' id='word_1_260' title='bbox 711 3550 743 3613; x_wconf 93' lang='lat' dir='ltr'>id</span> <span class='ocrx_word' id='word_1_261' title='bbox 771 3550 853 3631; x_wconf 91' lang='lat' dir='ltr'>quod</span> <span class='ocrx_word' id='word_1_262' title='bbox 879 3549 1001 3613; x_wconf 87' lang='lat' dir='ltr'>ferebat</span> <span class='ocrx_word' id='word_1_263' title='bbox 1028 3549 1228 3613; x_wconf 88' lang='lat' dir='ltr'>sanctitatem</span> <span class='ocrx_word' id='word_1_264' title='bbox 1256 3550 1380 3610; x_wconf 90' lang='lat' dir='ltr'>mutua-</span> 
     </span>
    </p>
   </div>
   <div class='ocr_carea' id='block_1_3' title="bbox 238 3788 1381 4467">
    <p class='ocr_par' dir='ltr' id='par_1_5' title="bbox 238 3788 1381 4467">
     <span class='ocr_line' id='line_1_31' title="bbox 282 3788 1381 3861; baseline -0.005 -15"><span class='ocrx_word' id='word_1_265' title='bbox 282 3793 300 3846; x_wconf 83' lang='grc'><strong>4</strong></span> <span class='ocrx_word' id='word_1_266' title='bbox 321 3790 501 3845; x_wconf 86' lang='lat' dir='ltr'>‘uectabulum</span> <span class='ocrx_word' id='word_1_267' title='bbox 524 3793 575 3847; x_wconf 76' lang='lat' dir='ltr'>aiii</span> <span class='ocrx_word' id='word_1_268' title='bbox 595 3793 642 3847; x_wconf 83' lang='lat' dir='ltr'>sed</span> <span class='ocrx_word' id='word_1_269' title='bbox 658 3792 748 3847; x_wconf 78' lang='grc'><strong>1111111</strong></span> <span class='ocrx_word' id='word_1_270' title='bbox 767 3792 823 3861; x_wconf 69' lang='lat' dir='ltr'>qai*</span> <span class='ocrx_word' id='word_1_271' title='bbox 846 3792 972 3846; x_wconf 77' lang='grc'><strong>0111111111</strong></span> <span class='ocrx_word' id='word_1_272' title='bbox 1031 3792 1048 3844; x_wconf 86' lang='grc'><strong>4</strong></span> <span class='ocrx_word' id='word_1_273' title='bbox 1068 3788 1287 3858; x_wconf 80' lang='lat' dir='ltr'>[subiciebat—6</span> <span class='ocrx_word' id='word_1_274' title='bbox 1306 3788 1381 3856; x_wconf 85' lang='lat' dir='ltr'>aquis</span> 
     </span>
     <span class='ocr_line' id='line_1_32' title="bbox 239 3878 1381 3948; baseline -0.003 -16"><span class='ocrx_word' id='word_1_275' title='bbox 239 3879 301 3948; x_wconf 92' lang='lat' dir='ltr'>deo]</span> <span class='ocrx_word' id='word_1_276' title='bbox 318 3881 359 3935; x_wconf 82' lang='lat' dir='ltr'>sio</span> <span class='ocrx_word' id='word_1_277' title='bbox 375 3881 454 3935; x_wconf 79' lang='grc'><strong>1111111</strong></span> <span class='ocrx_word' id='word_1_278' title='bbox 472 3880 573 3935; x_wconf 73' lang='lat' dir='ltr'>incluti.</span> <span class='ocrx_word' id='word_1_279' title='bbox 591 3880 619 3933; x_wconf 96' lang='grc' dir='ltr'>Β</span> <span class='ocrx_word' id='word_1_280' title='bbox 681 3878 863 3933; x_wconf 70' lang='grc'><strong>71111611</strong></span> <span class='ocrx_word' id='word_1_281' title='bbox 924 3878 1084 3946; x_wconf 90' lang='lat' dir='ltr'>dispesceret</span> <span class='ocrx_word' id='word_1_282' title='bbox 1101 3878 1157 3931; x_wconf 77' lang='lat' dir='ltr'>Iera</span> <span class='ocrx_word' id='word_1_283' title='bbox 1214 3878 1276 3932; x_wconf 90' lang='lat' dir='ltr'>8et</span> <span class='ocrx_word' id='word_1_284' title='bbox 1294 3892 1381 3944; x_wconf 89' lang='lat' dir='ltr'>segre-</span> 
     </span>
     <span class='ocr_line' id='line_1_33' title="bbox 238 3961 1381 4035; baseline -0.002 -15"><span class='ocrx_word' id='word_1_285' title='bbox 238 3966 309 4035; x_wconf 86' lang='lat' dir='ltr'>gatis</span> <span class='ocrx_word' id='word_1_286' title='bbox 326 3968 367 4035; x_wconf 83' lang='lat'>13,-</span> <span class='ocrx_word' id='word_1_287' title='bbox 384 3969 411 4020; x_wconf 90' lang='lat' dir='ltr'>et</span> <span class='ocrx_word' id='word_1_288' title='bbox 428 3967 478 4021; x_wconf 81' lang='lat' dir='ltr'>del.</span> <span class='ocrx_word' id='word_1_289' title='bbox 495 3968 544 4022; x_wconf 76' lang='lat' dir='ltr'>Get</span> <span class='ocrx_word' id='word_1_290' title='bbox 598 3970 628 4022; x_wconf 95' lang='grc'>11</span> <span class='ocrx_word' id='word_1_291' title='bbox 648 3966 791 4020; x_wconf 91' lang='lat' dir='ltr'>nonenim</span> <span class='ocrx_word' id='word_1_292' title='bbox 804 3968 838 4033; x_wconf 92' lang='lat' dir='ltr'>B,</span> <span class='ocrx_word' id='word_1_293' title='bbox 857 3982 919 4019; x_wconf 94' lang='lat' dir='ltr'>nam</span> <span class='ocrx_word' id='word_1_294' title='bbox 934 3966 984 4020; x_wconf 77' lang='lat' dir='ltr'>Get</span> <span class='ocrx_word' id='word_1_295' title='bbox 1039 3967 1072 4020; x_wconf 84' lang='lat'>13</span> <span class='ocrx_word' id='word_1_296' title='bbox 1090 3963 1231 4032; x_wconf 79' lang='lat' dir='ltr'>conuenit]</span> <span class='ocrx_word' id='word_1_297' title='bbox 1246 3961 1288 4018; x_wconf 83' lang='lat' dir='ltr'>‘ot</span> <span class='ocrx_word' id='word_1_298' title='bbox 1303 3961 1381 4018; x_wconf 81' lang='lat' dir='ltr'>dcest’</span> 
     </span>
     <span class='ocr_line' id='line_1_34' title="bbox 238 4050 1381 4123; baseline -0.004 -16"><span class='ocrx_word' id='word_1_299' title='bbox 238 4054 312 4123; x_wconf 84' lang='lat' dir='ltr'>Bmp</span> <span class='ocrx_word' id='word_1_300' title='bbox 363 4052 461 4106; x_wconf 88' lang='lat' dir='ltr'>habilis</span> <span class='ocrx_word' id='word_1_301' title='bbox 486 4055 536 4108; x_wconf 83' lang='lat' dir='ltr'>Get</span> <span class='ocrx_word' id='word_1_302' title='bbox 590 4054 621 4107; x_wconf 87' lang='lat'>15</span> <span class='ocrx_word' id='word_1_303' title='bbox 645 4056 827 4121; x_wconf 90' lang='lat' dir='ltr'>temperarant</span> <span class='ocrx_word' id='word_1_304' title='bbox 848 4054 918 4107; x_wconf 86' lang='lat' dir='ltr'>Lat:</span> <span class='ocrx_word' id='word_1_305' title='bbox 940 4053 1091 4121; x_wconf 88' lang='lat' dir='ltr'>temperant</span> <span class='ocrx_word' id='word_1_306' title='bbox 1113 4051 1140 4104; x_wconf 98' lang='grc' dir='ltr'>Β</span> <span class='ocrx_word' id='word_1_307' title='bbox 1193 4050 1227 4105; x_wconf 82' lang='grc'>22</span> <span class='ocrx_word' id='word_1_308' title='bbox 1248 4053 1381 4103; x_wconf 90' lang='lat' dir='ltr'>terrenam</span> 
     </span>
     <span class='ocr_line' id='line_1_35' title="bbox 244 4137 1381 4209; baseline -0.005 -13"><span class='ocrx_word' id='word_1_309' title='bbox 244 4142 309 4195; x_wconf 85' lang='lat' dir='ltr'>Urs:</span> <span class='ocrx_word' id='word_1_310' title='bbox 335 4143 469 4193; x_wconf 85' lang='lat' dir='ltr'>aeternam</span> <span class='ocrx_word' id='word_1_311' title='bbox 491 4142 519 4195; x_wconf 94' lang='grc' dir='ltr'>Β</span> <span class='ocrx_word' id='word_1_312' title='bbox 572 4143 605 4195; x_wconf 83' lang='grc'>25</span> <span class='ocrx_word' id='word_1_313' title='bbox 629 4140 746 4208; x_wconf 90' lang='lat' dir='ltr'>primunr</span> <span class='ocrx_word' id='word_1_314' title='bbox 768 4142 881 4209; x_wconf 83' lang='lat' dir='ltr'>scripsi:</span> <span class='ocrx_word' id='word_1_315' title='bbox 902 4140 989 4208; x_wconf 89' lang='lat' dir='ltr'>prima</span> <span class='ocrx_word' id='word_1_316' title='bbox 1011 4140 1038 4192; x_wconf 95' lang='grc' dir='ltr'>Β</span> <span class='ocrx_word' id='word_1_317' title='bbox 1108 4153 1160 4205; x_wconf 88' lang='lat' dir='ltr'>qua</span> <span class='ocrx_word' id='word_1_318' title='bbox 1182 4138 1246 4192; x_wconf 86' lang='lat' dir='ltr'>Urs:</span> <span class='ocrx_word' id='word_1_319' title='bbox 1268 4151 1335 4204; x_wconf 87' lang='lat' dir='ltr'>quae</span> <span class='ocrx_word' id='word_1_320' title='bbox 1354 4137 1381 4190; x_wconf 98' lang='grc' dir='ltr'>Β</span> 
     </span>
     <span class='ocr_line' id='line_1_36' title="bbox 238 4223 1381 4295; baseline -0.003 -14"><span class='ocrx_word' id='word_1_321' title='bbox 238 4228 274 4281; x_wconf 76' lang='grc'>26</span> <span class='ocrx_word' id='word_1_322' title='bbox 295 4225 489 4294; x_wconf 86' lang='lat' dir='ltr'>praenotabant</span> <span class='ocrx_word' id='word_1_323' title='bbox 505 4228 618 4295; x_wconf 79' lang='lat' dir='ltr'>scripsi:</span> <span class='ocrx_word' id='word_1_324' title='bbox 634 4225 842 4295; x_wconf 89' lang='lat' dir='ltr'>praenotabatur</span> <span class='ocrx_word' id='word_1_325' title='bbox 858 4227 886 4280; x_wconf 96' lang='grc' dir='ltr'>Β</span> <span class='ocrx_word' id='word_1_326' title='bbox 939 4229 971 4281; x_wconf 82' lang='grc'>27</span> <span class='ocrx_word' id='word_1_327' title='bbox 991 4241 1069 4293; x_wconf 90' lang='lat' dir='ltr'>super</span> <span class='ocrx_word' id='word_1_328' title='bbox 1087 4239 1168 4291; x_wconf 89' lang='lat' dir='ltr'>aquas</span> <span class='ocrx_word' id='word_1_329' title='bbox 1182 4224 1264 4293; x_wconf 80' lang='lat' dir='ltr'>prius</span> <span class='ocrx_word' id='word_1_330' title='bbox 1283 4223 1381 4277; x_wconf 83' lang='lat' dir='ltr'>addidi</span> 
     </span>
     <span class='ocr_line' id='line_1_37' title="bbox 238 4311 1381 4382; baseline -0.003 -16"><span class='ocrx_word' id='word_1_331' title='bbox 238 4313 416 4367; x_wconf 83' lang='lat' dir='ltr'>intinctorum</span> <span class='ocrx_word' id='word_1_332' title='bbox 433 4315 502 4382; x_wconf 82' lang='lat' dir='ltr'>Rip:</span> <span class='ocrx_word' id='word_1_333' title='bbox 519 4314 691 4366; x_wconf 87' lang='lat' dir='ltr'>intinctorem</span> <span class='ocrx_word' id='word_1_334' title='bbox 710 4316 745 4380; x_wconf 90' lang='lat' dir='ltr'>B,</span> <span class='ocrx_word' id='word_1_335' title='bbox 766 4314 895 4367; x_wconf 90' lang='lat' dir='ltr'>intinctos</span> <span class='ocrx_word' id='word_1_336' title='bbox 916 4314 965 4368; x_wconf 83' lang='lat' dir='ltr'>Gcl</span> <span class='ocrx_word' id='word_1_337' title='bbox 1035 4314 1202 4369; x_wconf 87' lang='lat' dir='ltr'>moraturum</span> <span class='ocrx_word' id='word_1_338' title='bbox 1220 4311 1300 4381; x_wconf 71' lang='lat' dir='ltr'>Beraq,</span> <span class='ocrx_word' id='word_1_339' title='bbox 1323 4326 1381 4366; x_wconf 90' lang='lat' dir='ltr'>ora-</span> 
     </span>
     <span class='ocr_line' id='line_1_38' title="bbox 239 4399 1107 4467; baseline -0.001 -13"><span class='ocrx_word' id='word_1_340' title='bbox 239 4404 332 4454; x_wconf 90' lang='lat' dir='ltr'>turum</span> <span class='ocrx_word' id='word_1_341' title='bbox 350 4402 385 4467; x_wconf 93' lang='lat' dir='ltr'>B,</span> <span class='ocrx_word' id='word_1_342' title='bbox 409 4399 615 4457; x_wconf 83' lang='lat' dir='ltr'>reformaturum</span> <span class='ocrx_word' id='word_1_343' title='bbox 636 4400 686 4454; x_wconf 83' lang='lat' dir='ltr'>Gei</span> <span class='ocrx_word' id='word_1_344' title='bbox 739 4403 772 4456; x_wconf 83' lang='grc'>28</span> <span class='ocrx_word' id='word_1_345' title='bbox 790 4401 969 4455; x_wconf 81' lang='lat' dir='ltr'>etIua:aut</span> <span class='ocrx_word' id='word_1_346' title='bbox 987 4401 1014 4453; x_wconf 93' lang='grc' dir='ltr'>Β</span> <span class='ocrx_word' id='word_1_347' title='bbox 1099 4436 1107 4459; x_wconf 87' lang='grc'><em>.</em></span> 
     </span>
    </p>
   </div>
   <div class='ocr_carea' id='block_1_4' title="bbox 0 0 1612 5034">
    <p class='ocr_par' dir='ltr' id='par_1_6' title="bbox 0 0 1612 5034">
     <span class='ocr_line' id='line_1_39' title="bbox 0 0 1612 5034; baseline 0 0"><span class='ocrx_word' id='word_1_348' title='bbox 0 0 1612 5034; x_wconf 95' lang='lat' dir='ltr'> </span> 
     </span>
    </p>
   </div>
  </div>
 </body>
</html>
