3200 5034
579 446 640 500 VH.
660 446 704 499 De
722 445 886 515 baptismo
905 450 981 504 5-8.
1286 448 1348 513 207

208 621 429 702 commodauit,
453 621 536 685 lacta
552 622 712 704 spiritalis,
737 622 811 703 quia
826 623 937 704 spiritu
951 626 1066 687 unctus
1082 626 1131 687 est
1146 642 1164 687 a
1180 624 1236 687 deo
1251 628 1349 706 patre,

209 724 290 788 sicut
311 725 344 788 in
366 724 470 789 Actis:
502 727 655 790 collecti
683 731 770 791 sunt
797 728 894 791 enim
921 747 1008 792 uere
1034 730 1071 792 in
1094 729 1167 793 ista
1193 730 1349 793 ciuitate

209 830 391 894 aduersus
421 835 592 895 sanctum
622 832 748 895 filium
775 836 893 913 tuum,
922 852 1030 915 quem
1055 834 1209 898 unxisti.
1248 834 1291 897 sic
1319 836 1349 897 et

205 934 241 997 in
263 934 354 999 nobis
377 936 542 1000 carnaliter
565 937 661 1000 currit
683 938 799 1017 unctio,
828 938 883 1001 sed
907 937 1087 1019 spiritaliter
1110 938 1245 1021 proficit;
1273 956 1349 1020 quo-

207 1040 299 1103 modo
323 1044 355 1104 et
377 1041 474 1122 ipsius
496 1040 647 1123 baptismi
669 1042 802 1105 carnalis
826 1046 924 1123 actus,
956 1043 1037 1124 quod
1064 1044 1097 1107 in
1126 1061 1207 1125 aqna
1234 1043 1349 1125 mergi·
1375 1068 1388 1107 s

207 1161 288 1224 mur,
313 1144 463 1227 spiritalis
487 1144 627 1225 effectus,
651 1146 734 1226 quod
750 1146 878 1210 delictis
901 1146 1081 1211 liberamur.

251 1245 281 1311 8.
313 1249 434 1312 Dehinc
457 1268 569 1313 manus
592 1250 763 1331 imponitur
783 1270 840 1332 per
862 1249 1113 1316 benedictionem
1136 1252 1290 1317 advocans
1319 1256 1349 1316 et
1425 1274 1432 1328 l

206 1352 345 1417 inuitans
369 1354 513 1435 spiritum
538 1358 694 1417 sanctum.
733 1374 809 1419 sane
832 1355 970 1419 humano
992 1356 1117 1438 ingenio
1137 1356 1243 1420 licebit
1259 1357 1349 1438 spiri·
1409 1436 1414 1448 ι

206 1460 275 1520 tum
305 1458 338 1521 in
369 1476 482 1540 aquam
511 1476 668 1522 arcessere
697 1462 728 1521 et
755 1460 1062 1540 concorporationem
1090 1478 1197 1524 eorum
1228 1479 1348 1525 accom-

206 1562 341 1626 modatis
365 1563 497 1645 desuper
519 1563 666 1627 manibus
691 1563 751 1627 alio
774 1564 885 1644 spiritu
907 1567 1014 1628 tantae
1031 1565 1180 1629 claritatis
1197 1566 1347 1646 animare,
1375 1592 1400 1629 10

205 1665 263 1729 deo
287 1669 392 1730 antem
414 1668 446 1730 in
470 1685 526 1731 suo
549 1684 665 1750 organo
689 1684 750 1731 non
774 1667 882 1732 licebit
903 1688 959 1750 per
982 1687 1094 1733 manus
1111 1673 1235 1733 sanctas
1253 1668 1349 1733 subli-

206 1770 350 1834 mitatem
381 1772 535 1835 modulari
565 1771 759 1852 spiritalem?
798 1772 853 1835 sed
884 1776 931 1836 est
959 1773 1017 1836 hoc
1045 1790 1167 1855 quoque
1190 1774 1227 1837 de
1250 1775 1349 1837 ueteri

205 1879 414 1952 sacramento,
438 1894 498 1957 qno
519 1879 648 1957 nepotes
666 1894 738 1940 suos
755 1896 792 1939 er
807 1876 932 1958 Ioseph,
956 1877 1093 1960 Ephrem
1109 1878 1347 1959 consuessem,

204 1978 300 2042 Iacob
324 1980 478 2061 capitibus
501 1981 657 2063 impositis
682 1984 713 2045 et
734 1982 946 2045 intermutatis
970 1982 1116 2046 manibus
1148 1982 1347 2062 benedixerit,

205 2086 238 2145 et
260 2084 384 2165 quidem
406 2085 452 2148 ita
474 2086 679 2149 transuersim
702 2085 871 2166 obliquatis
894 2086 927 2149 in
950 2105 993 2166 se,
1017 2090 1053 2149 ut
1068 2086 1226 2151 Christum
1246 2088 1348 2151 defor-
1376 2114 1400 2151 15

205 2192 330 2252 mantes
353 2190 418 2252 iam
441 2193 517 2253 tune
539 2190 761 2270 portenderent
783 2190 1033 2255 benedictionem
1062 2192 1094 2254 in
1118 2191 1278 2256 Christum
1299 2193 1349 2255 fu-

204 2296 319 2356 turam.
357 2297 432 2357 tunc
453 2294 507 2357 ille
530 2295 748 2358 sanctissimus
768 2295 895 2377 spiritus
913 2314 1005 2377 super
1022 2297 1191 2359 emundata
1206 2299 1238 2360 et
1252 2295 1347 2361 bene-

205 2397 289 2461 dicta
311 2415 439 2479 corpora
461 2398 562 2463 libens
590 2417 609 2461 a
635 2402 723 2481 patre
752 2399 920 2479 descendit,
952 2418 1045 2481 snper
1071 2400 1222 2481 baptismi
1251 2419 1346 2481 aquas

203 2505 355 2583 tanquam
381 2503 546 2583 pristinam
573 2503 680 2566 sedem
705 2521 931 2586 recognoscens
955 2504 1155 2585 conquiescit,
1183 2504 1346 2568 columbae

203 2605 305 2689 figura
328 2607 472 2688 delapsus
496 2607 529 2670 in
552 2607 725 2688 dominum,
748 2611 784 2672 ut
807 2612 919 2672 natura
939 2608 1066 2691 spiritus
1088 2610 1188 2672 sancti
1209 2609 1346 2673 declara·
1372 2636 1398 2674 ιο

203 2713 289 2773 retur
318 2730 374 2792 per
397 2711 513 2775 animal
537 2713 744 2793 simplicitatis
768 2716 800 2776 et
823 2713 1028 2793 innocentiae,
1056 2713 1138 2793 quod
1162 2714 1257 2776 etiam
1280 2731 1346 2777 cor-

203 2814 352 2897 poraliter
378 2815 446 2897 ipso
474 2816 546 2880 felle
573 2819 679 2880 careat
701 2816 857 2880 columba.
896 2818 1038 2899 ideoque,
1070 2820 1204 2897 estote,
1234 2818 1344 2898 inquit,

204 2908 398 3000 simplices
422 2920 521 2984 sicut
544 2920 752 2994 columbam
776 2941 815 2985 ne
838 2922 896 2986 hoc
920 2923 1046 3004 quidem
1070 2922 1137 2985 sine
1161 2925 1345 3004 argumento

202 3025 419 3104 praecedentis
442 3024 570 3108 figurae.
610 3026 873 3107 quemadmodum
903 3026 985 3089 enim
1012 3029 1083 3107 post
1106 3043 1201 3107 aquas
1226 3026 1344 3105 diluuii,

204 3129 318 3210 quibus
340 3130 488 3211 iniquitas
512 3130 644 3212 antiqua
664 3134 800 3213 purgata
823 3133 879 3210 est,
907 3134 979 3212 post
1005 3129 1210 3212 baptismum,
1239 3133 1275 3193 ut
1302 3131 1346 3193 ita
1371 3156 1398 3196 rs

204 3233 345 3312 dixerim,
369 3234 479 3297 mundi
501 3252 611 3317 pacem
634 3235 778 3298 caelestis
801 3236 866 3297 irae
885 3252 996 3316 praeco
1017 3234 1163 3298 columba
1181 3234 1271 3298 terris
1292 3235 1345 3298 cd·
1391 3241 1394 3247 ’

203 3338 361 3401 nuntiauit
390 3338 519 3401 dimissa
542 3356 674 3401 exarca
697 3342 823 3402 etcum
847 3338 914 3401 olea
941 3357 1076 3418 reuersa,
1108 3339 1189 3419 quod
1219 3339 1345 3421 signum

203 3442 302 3505 etiam
325 3443 406 3524 apud
430 3442 572 3506 nationes
594 3444 664 3524 paci
685 3442 907 3523 praetenditur,
932 3443 1042 3505 eadem
1064 3442 1266 3523 dispositione
1283 3443 1346 3523 spi-

202 3546 304 3609 ritalis
327 3546 456 3609 effectus
480 3549 581 3610 terrae
604 3547 636 3608 id
660 3550 709 3609 est
731 3546 817 3609 carni
838 3549 963 3609 nostrae
979 3546 1151 3629 emergenti
1167 3547 1205 3609 de
1220 3548 1344 3610 lauacro

202 3653 276 3731 post
305 3653 414 3713 uetera
436 3651 551 3714 delicta
573 3649 718 3714 columba
741 3651 843 3713 sancti
866 3650 993 3733 spiritus
1016 3652 1142 3715 aduolat
1159 3668 1273 3731 pacem
1295 3650 1345 3714 dei
1372 3678 1398 3717 eo

307 3858 335 3925 a]
355 3856 414 3911 aa.
432 3860 457 3922 4,
470 3860 512 3913 27.
566 3858 611 3925 aa]
630 3858 726 3912 Matth.
748 3861 788 3921 ro,
803 3861 843 3913 ro.
876 3898 879 3905 .

248 4050 382 4118 lspiritu
402 4051 467 4104 Get:
489 4049 598 4118 spiritus
616 4053 644 4105 Β
722 4051 834 4105 2enim
857 4067 919 4104 uere
940 4052 1003 4105 ceo:
1023 4051 1158 4103 enimuero
1177 4053 1205 4105 Β
1284 4054 1345 4106 5et

201 4137 313 4205 spiritus
341 4137 424 4205 ipsius
448 4138 490 4206 B,·
516 4138 626 4205 spiritus
650 4140 699 4193 dcl.
721 4139 772 4192 Gcl
851 4141 982 4192 9aemm
1001 4140 1066 4194 Soul
1147 4141 1178 4193 13
1199 4138 1290 4191 Efrem
1308 4140 1344 4206 B,

201 4224 332 4292 Ephraim
354 4226 406 4279 Urs
478 4226 510 4280 15
538 4225 669 4279 Chreston
692 4227 757 4281 Scal
829 4224 1003 4278 deformantis
1020 4227 1048 4279 Β
1120 4227 1152 4281 18
1170 4224 1261 4278 labens
1281 4226 1346 4281 Scul

202 4314 229 4363 et
247 4327 327 4378 snper
344 4313 401 4364 Inoa
453 4314 488 4367 28
506 4312 587 4364 etiam
606 4312 677 4380 apud
697 4314 761 4367 cer.-
783 4311 854 4379 apud
878 4312 959 4364 etiem
982 4314 1009 4365 Β
1062 4314 1095 4366 29
1114 4312 1259 4379 emergenti
1282 4312 1346 4366 Gel:

202 4397 358 4465 emergendi
375 4400 403 4452 Β
