3200 5034
625 434 657 488 X.
677 434 721 488 De
739 434 906 489 1111111146.
1272 434 1334 498 377

190 609 396 695 sepulchrum
418 608 522 673 Aiacis
553 610 690 673 monitus
713 610 744 673 in
769 610 887 674 somnis
911 609 950 674 ab
973 611 1040 692 ipso
1062 611 1153 674 ruina
1174 611 1335 691 liberatur,

190 719 223 780 et
253 734 326 779 oum
348 714 489 797 lapidum
513 715 600 778 senia
623 714 759 798 deponit,
789 714 877 778 diues
900 715 971 779 inde
995 733 1069 780 auro
1093 716 1181 780 redit.
1228 717 1336 798 quanti

190 823 298 884 autem
320 821 584 883 commentatores
608 821 639 882 et
661 818 868 883 affirmatores
890 819 924 882 in
946 819 1027 884 hanc
1050 822 1138 884 rem?
1182 818 1336 886 Artemon

189 923 355 1006 Antiphon
385 922 489 988 Strato
518 923 723 987 Philochorus
752 923 959 1006 Epicharmus
990 923 1138 1007 Serapion
1169 922 1335 1007 Cratippus

190 1029 361 1112 Dionysius
388 1028 506 1093 Rodios
528 1028 732 1111 Hermippus,
761 1031 829 1092 tota
852 1029 968 1093 saeculi
990 1030 1175 1094 litteratura.
1223 1030 1335 1110 solum,
1375 1054 1388 1094 a

190 1135 219 1199 si
247 1135 339 1214 forte,
369 1131 486 1214 ridebo,
516 1132 570 1214 qni
602 1150 634 1196 se
665 1133 856 1197 existimauit
882 1151 1116 1216 persuasumm,
1147 1134 1229 1216 quod
1251 1134 1336 1217 prior

189 1237 337 1304 omnibus
369 1236 521 1302 Saturnus
552 1237 731 1313 somniarit3
763 1237 824 1301 nisi
854 1238 880 1301 si
910 1241 942 1302 et
969 1238 1054 1321 prior
1084 1238 1227 1303 omnibus
1258 1239 1336 1303 uixit

189 1342 389 1408 Aristoteles.
427 1342 553 1425 ignosce
576 1341 698 1406 ridenti.
738 1345 879 1406 ceterum
901 1341 1105 1426 Epicharmus
1130 1343 1226 1407 etiam
1249 1362 1335 1407 surn-

189 1467 279 1513 mnm
303 1449 424 1529 apicem
445 1447 527 1510 inter
551 1446 758 1511 diuinationes
782 1448 910 1512 somniis
934 1448 1045 1512 extulit
1064 1466 1136 1512 cum
1151 1448 1335 1513 Philochoro

188 1551 386 1618 Atheniensi.
432 1568 507 1615 nam
534 1553 566 1615 et
588 1551 720 1615 oraculis
743 1551 803 1616 hoo
825 1570 924 1636 genus
948 1553 1081 1633 stipatus
1106 1555 1154 1616 est
1176 1552 1269 1633 orbiS,
1301 1555 1336 1616 nt
1362 1579 1387 1618 ιο

188 1656 376 1741 Amphiarai
405 1655 489 1737 apud
519 1654 673 1739 Oropum,
703 1655 903 1739 Amphilochi
933 1657 1016 1738 apud
1042 1656 1191 1737 Mallum,
1224 1655 1335 1738 Sarpe-

189 1762 279 1826 donis
309 1761 342 1825 in
364 1760 495 1842 Troade,
519 1760 678 1843 Trophoni
707 1761 740 1825 in
762 1761 900 1842 Boeotia,
926 1761 1030 1845 Mopsi
1058 1761 1091 1826 in
1116 1759 1335 1842 0111111111-

189 1867 315 1932 mionae
338 1866 371 1931 in
386 1865 582 1946 Macedonia,
605 1865 779 1950 Pasiphaae
800 1866 834 1930 in
849 1866 1010 1930 Laconica.
1050 1869 1152 1930 cetera
1175 1885 1247 1931 oum
1270 1866 1334 1931 suis

189 1975 222 2036 et
251 1970 422 2054 originibus
447 1973 478 2034 et
499 1969 612 2034 ritibus
637 1973 668 2034 et
689 1970 885 2051 relatoribus
917 1989 990 2034 oum
1013 1971 1098 2035 omni
1121 1971 1265 2054 deinceps
1288 1970 1335 2035 hi-

189 2076 287 2140 storia
316 2075 509 2139 somniorum
533 2075 724 2157 Hermippus
748 2074 929 2158 Berytensis
960 2075 1106 2157 quinione
1137 2075 1334 2151 uoluminum
1362 2099 1387 2139 1⁵

188 2179 395 2244 satiatissime
427 2178 592 2243 exhibebit.
639 2179 695 2243 sed
725 2182 757 2244 et
779 2178 875 2244 Stoici
905 2179 1000 2243 deum
1025 2181 1148 2244 malunt
1170 2180 1335 2262 prouiden-

188 2285 348 2349 tissimnm
371 2272 538 2347 ¹humanae
568 2284 755 2348 institutioni
786 2285 868 2348 inter
898 2287 1001 2348 cetera
1031 2284 1185 2366 praesidia
1215 2284 1335 2349 diuina-

188 2390 304 2453 tricum
327 2388 441 2452 artium
465 2391 497 2452 et
519 2388 753 2470 disciplinarum
775 2389 896 2452 somnia
919 2379 1039 2470 quoqne
1063 2387 1152 2453 nobis
1175 2389 1333 2470 indidisse,

187 2494 346 2577 peculiare
376 2493 527 2558 solacium
554 2493 705 2557 naturalis
728 2493 854 2557 oraculi.
900 2494 977 2557 haec
1000 2497 1154 2575 quantum
1178 2493 1217 2558 ad
1240 2492 1334 2558 fidem

67 2610 175 2664 1156ν
191 2582 385 2664 somniorum
404 2594 409 2681 l
429 2615 448 2660 1
471 2595 559 2660 nobis
590 2614 711 2679 quoque
741 2597 987 2680 consignandam
1015 2600 1047 2661 et
1069 2598 1160 2662 aliter
1181 2598 1334 2681 interpre-
1360 2623 1386 2662 20

189 2703 329 2767 tardam.
364 2719 439 2765 uam
462 2701 500 2764 de
523 2701 655 2765 oraculis
680 2701 774 2765 etiam
797 2702 919 2782 ceteris,
943 2702 1026 2785 apud
1049 2720 1128 2784 quae
1152 2721 1243 2767 nemo
1264 2703 1334 2766 dor-

190 2807 292 2886 mitat,
324 2805 398 2888 quid
430 2805 515 2870 alind
536 2805 808 2888 pronuntiabimus
836 2824 931 2887 quam
954 2806 1170 2870 daemonicam
1193 2825 1262 2871 esse
1284 2825 1334 2870 ra-

189 2912 306 2975 tionem
344 2927 452 2974 eorum
486 2909 653 2992 spirituum
687 2910 740 2992 qui
773 2910 837 2973 iam
871 2913 946 2974 tuno
978 2911 1011 2974 in
1045 2911 1120 2993 ipsis
1154 2910 1333 2976 hominibus

187 3014 404 3080 habitauerint
425 3015 477 3078 uel
500 3015 666 3079 memorias
690 3033 798 3078 eorum
823 3013 1039 3079 affectauerint
1061 3015 1100 3078 ad
1123 3033 1249 3080 omnem
1266 3033 1333 3079 ma-

187 3120 276 3184 litiae
300 3137 375 3183 1111
398 3136 543 3182 scaenam
566 3121 598 3182 in
620 3119 681 3182 ista
697 3137 795 3200 aeque
811 3120 914 3202 specie
930 3120 1127 3184 diuinitatem
1142 3120 1332 3185 mentientes
1360 3144 1386 3182 2⁵

189 3224 362 3306 eademque
388 3223 543 3287 industria
566 3223 662 3286 etiam
685 3243 741 3305 per
763 3223 916 3288 beneficia
937 3225 1082 3289 fallentes
1106 3225 1333 3289 medicinarum

189 3333 221 3392 et
251 3327 501 3393 admonitionum
533 3331 564 3391 et
585 3329 905 3409 praenuntiationum,
929 3348 989 3411 quo
1012 3329 1114 3412 magis
1137 3329 1263 3393 laedant
1285 3329 1332 3392 iu-

188 3433 302 3512 uando,
333 3433 409 3496 dum
438 3451 493 3513 per
523 3428 660 3512 eaquae
683 3433 793 3496 iuuant
817 3432 856 3495 ab
880 3433 1080 3514 inquisitione
1103 3451 1196 3496 uerae
1219 3433 1332 3497 diuini-

187 3538 263 3601 tatis
295 3537 454 3600 abducunt
484 3555 519 3598 11
550 3536 761 3600 insinuatione
792 3536 912 3600 falsae?
958 3540 989 3601 et
1012 3537 1117 3618 utique
1140 3556 1203 3602 non
1226 3538 1332 3601 clausa

234 3778 301 3834 lab
320 3779 377 3848 ipsa
395 3780 422 3833 B
490 3777 588 3832 liberat
604 3779 632 3832 A
701 3780 765 3832 311
782 3777 959 3832 affirmatores
978 3796 1028 3834 om.
1047 3780 1076 3834 A
1146 3779 1287 3833 arthemon
1304 3781 1331 3834 A

187 3871 204 3923 5
224 3863 379 3934 dyoniesius
397 3882 430 3920 cx
448 3863 595 3918 dionissius
614 3866 649 3932 A,
668 3867 696 3918 et
713 3865 858 3933 Dionysius
876 3866 903 3920 B
969 3868 1000 3920 11
1020 3865 1091 3935 apud
1109 3865 1248 3934 Horopum
1266 3866 1331 3920 Am-

186 3953 287 4022 philooi
306 3954 342 4021 B,
364 3951 466 4021 apndor
484 3954 622 4020 optumam
644 3951 746 4021 philoci
767 3953 794 4006 A
867 3954 899 4007 12
921 3952 1077 4020 throphonii
1095 3955 1122 4006 B
1193 3953 1281 4007 boetia
1303 3954 1330 4007 A

187 4039 282 4095 calicia
308 4041 336 4094 A
416 4041 449 4094 13
474 4039 602 4108 pasiphae
629 4041 664 4108 B,
691 4039 803 4110 pasiphp
831 4040 858 4093 A
935 4041 967 4094 14
994 4039 1167 4093 relationibus
1196 4041 1331 4096 Senatores

188 4131 221 4183 15
240 4126 390 4195 berytensis
407 4128 443 4195 A,
461 4125 626 4179 Berithensis
645 4126 673 4180 B
733 4129 764 4182 18
783 4124 860 4179 nobis
878 4128 913 4195 B,
932 4126 1017 4194 magis
1035 4128 1136 4197 ABoop
1188 4129 1223 4182 20
1241 4126 1331 4180 taliter

187 4215 244 4284 Rip
308 4213 537 4283 interpretandam
558 4213 621 4268 cer:
637 4213 868 4282 interpretandum
886 4214 940 4267 AB
998 4215 1031 4268 22
1049 4212 1284 4282 pronunciabimns
1303 4215 1330 4268 A

188 4301 390 4354 daemoniacam
407 4301 464 4370 Rip
526 4300 620 4355 14111
639 4301 674 4369 A,
693 4299 736 4353 nel
755 4300 788 4352 ad
807 4302 834 4354 B
887 4302 920 4355 25
940 4300 1025 4370 specie
1038 4302 1065 4354 A
1118 4302 1330 4355 271111111111

187 4405 240 4444 om.
253 4388 281 4441 A
334 4386 552 4457 prqnuntiahone
570 4386 597 4439 A
650 4402 716 4454 quae
737 4388 787 4442 cer
840 4389 873 4442 29
891 4386 1098 4440 insinuationem
1117 4388 1144 4440 A
