3200 5034
289 420 356 484 222
519 420 635 487 Quinti
653 420 795 490 Septimi
814 421 982 475 Florentia
1000 422 1202 477 Tertulliani

288 596 379 677 quasi
398 596 521 661 modica
539 601 573 661 et
590 598 771 680 praecaueri
785 598 875 679 quasi
890 598 1037 662 maxima.
1064 598 1155 664 nobis
1171 604 1278 665 autem
1292 603 1430 666 maxima

287 704 344 763 aut
365 718 491 765 summa
512 702 557 764 sic
576 719 698 783 quoqne
712 706 949 785 praeemantur,
973 703 1048 766 dum
1063 722 1121 767 uec
1135 706 1288 769 secundas
1303 706 1428 788 quidem

286 808 359 888 post
379 803 474 869 fidem
496 807 622 888 nuptias
645 806 836 889 permittitur
858 823 962 887 nosse,
989 806 1182 890 nuptialibus
1205 813 1237 873 et
1263 810 1425 891 dotalibus

287 910 315 972 si
336 909 426 989 torte,
449 909 566 973 tabulis
590 928 609 973 a
631 910 791 975 moechiae
815 914 847 973 et
868 912 1079 976 fornicatiouis
1102 931 1194 994 opere
1217 914 1366 995 diuersas,
1396 919 1426 979 et

247 1040 260 1079 a
286 1014 356 1077 ideo
379 1013 545 1077 durissime
561 1032 618 1079 uos
633 1015 824 1079 infamantes
839 1017 1033 1098 paracletum
1048 1017 1227 1100 disciplinae
1243 1020 1424 1083 enormitate

286 1118 428 1201 digamos
451 1119 527 1183 toris
549 1119 700 1184 sistimus.
739 1120 871 1183 eundem
895 1120 1030 1184 limitem
1050 1122 1168 1185 liminis
1191 1123 1329 1187 moechis
1352 1142 1424 1205 quo·

237 1256 241 1261 ·
286 1239 346 1302 que
369 1226 401 1285 ct
423 1222 664 1287 fornicatoribus
681 1222 814 1311 ,figimus
837 1224 957 1288 ieiunas
976 1225 1063 1306 pacis
1086 1226 1232 1290 lacrimas
1253 1228 1423 1310 profusuris

285 1344 343 1389 nec
357 1328 493 1409 amplius
512 1325 552 1390 ab
573 1328 705 1392 ecclesia
723 1346 818 1409 quam
834 1327 1079 1410 publicationem
1095 1330 1252 1394 dedecoris
1272 1332 1422 1395 relaturis.

328 1427 358 1494 2.
383 1430 532 1496 Ceterum
554 1432 642 1511 dous,
673 1432 828 1513 inquiunt,
856 1431 957 1497 bonus
980 1438 1013 1497 et
1034 1434 1173 1516 optimus
1197 1440 1229 1499 et
1251 1438 1422 1501 misericors

234 1562 259 1600 ro
285 1538 318 1597 et
339 1535 504 1600 miserator
527 1541 561 1600 et
582 1537 814 1601 misericordiae
844 1538 1009 1620 plurimus,
1039 1557 1134 1619 quam
1164 1541 1250 1603 omui
1277 1540 1422 1605 sacrificio

284 1641 455 1723 auteponit,
479 1659 541 1705 non
565 1642 646 1705 tanti
665 1642 783 1705 ducens
802 1644 974 1723 peccatoris
995 1647 1129 1706 mortem
1151 1662 1244 1725 quam
1265 1646 1423 1726 paeniten-

283 1744 373 1824 tiam,
389 1744 593 1809 salutificator
608 1746 750 1809 omnium
764 1746 928 1809 bominum
945 1751 978 1810 et
992 1748 1127 1810 maxime
1142 1747 1292 1812 fidebam.
1320 1750 1421 1831 itaque

284 1850 316 1911 et
337 1846 418 1911 filios
441 1848 491 1911 dei
513 1849 728 1912 misericordes
760 1853 791 1913 et
813 1849 958 1931 pacificos
981 1868 1049 1913 esse
1077 1850 1242 1932 oportebit,
1273 1853 1420 1915 donantes

283 1951 421 2015 inuicem
450 1953 531 2015 sicut
561 1956 592 2015 et
615 1951 758 2017 Christus
788 1953 917 2017 donauit
944 1954 1045 2034 nobie,
1075 1973 1138 2019 uon
1169 1955 1353 2036 iudicantes,
1385 1975 1421 2019 ue

233 2082 257 2122 rs
284 2056 466 2120 iudicemur.
510 2057 658 2121 domino
689 2058 788 2121 enim
823 2076 888 2121 suo
923 2061 998 2123 stat
1028 2060 1111 2141 quis
1145 2062 1206 2124 uel
1240 2060 1355 2124 cadit:
1388 2065 1420 2124 tu

283 2161 354 2242 quis
383 2180 428 2241 es,
458 2165 495 2225 ut
524 2180 654 2225 seruum
679 2162 796 2226 iudices
825 2163 982 2226 alienum?
1028 2164 1160 2245 dimitte,
1192 2169 1225 2228 et
1251 2166 1421 2229 dimittetur

282 2264 350 2328 tibi.
387 2265 463 2329 talia
486 2269 518 2329 et
540 2269 629 2329 tauta
650 2267 754 2330 iutilia
777 2284 895 2347 eorum,
926 2267 1040 2349 quibus
1064 2272 1096 2333 et
1118 2269 1174 2333 deo
1198 2270 1363 2334 adulantur
1392 2273 1421 2334 et

283 2368 343 2432 sibi
369 2370 596 2451 lenocinantur,
626 2370 841 2435 effeminantia
871 2373 971 2456 magis
1001 2390 1097 2453 quam
1126 2374 1303 2457 uigorantia
1332 2376 1420 2438 disci-

283 2474 412 2555 plinam,
436 2475 560 2555 quantis
584 2478 616 2538 et
630 2492 688 2538 uos
704 2478 736 2539 et
751 2476 915 2540 contrariis
931 2494 1098 2559 possumus
1112 2483 1321 2561 repercutere,
1344 2498 1419 2560 quae

230 2603 257 2642 ao
284 2581 315 2640 et
344 2578 395 2641 dei
417 2579 620 2643 seueritatem
641 2579 833 2662 intemptent
855 2584 887 2643 et
908 2584 1049 2645 nostram
1072 2585 1283 2647 constantiam
1311 2601 1419 2667 prouo-

282 2684 376 2746 ocut?
413 2684 487 2764 quia
509 2683 568 2747 etsi
590 2682 692 2748 bouus
715 2688 829 2748 natura
848 2685 934 2766 daus,
958 2690 1065 2750 tamen
1082 2690 1113 2750 et
1128 2688 1238 2751 iustus.
1278 2706 1419 2752 excausa

283 2787 376 2867 euim,
399 2787 482 2851 siout
497 2805 608 2851 sanare
623 2788 722 2868 nouit,
745 2789 791 2852 ita
814 2793 846 2853 et
869 2790 1007 2870 caedere,
1030 2790 1148 2855 faciens
1168 2809 1288 2874 pacem,
1313 2791 1368 2855 sod
1389 2796 1419 2856 et

281 2892 418 2955 condens
448 2893 543 2972 mala,
573 2893 799 2975 paonitentiam
822 2894 954 2973 malama,
985 2894 1040 2957 sed
1070 2898 1102 2958 et
1124 2895 1301 2959 Hieremiae
1332 2915 1418 2961 mau-

282 2994 370 3076 dans,
393 3014 433 3059 ne
455 3014 510 3079 pro
533 2997 647 3080 populo
662 3001 824 3079 peccatore
845 2997 1072 3081 deprecaretur.
1110 2999 1202 3081 quod,
1226 3004 1258 3064 et
1280 3002 1310 3065 si
1332 3002 1418 3065 ieiu-

230 3126 255 3165 11
283 3100 473 3181 nauerint,
500 3100 613 3183 inquit,
643 3119 715 3165 non
738 3102 934 3166 exaudiam
957 3101 1255 3168 obsecrationem
1286 3123 1416 3170 eorum.

282 3207 314 3267 et
335 3223 458 3268 rursus:
482 3208 518 3269 et
540 3209 579 3269 tu
602 3225 645 3269 ne
668 3206 889 3270 adorauaris
911 3225 975 3290 pro
997 3208 1134 3290 populo
1158 3211 1193 3272 et
1223 3228 1266 3273 ue
1296 3213 1417 3291 postu-

280 3308 421 3372 laueris
451 3328 515 3391 pro
548 3310 607 3373 his
639 3310 676 3373 in
710 3329 819 3393 prece
854 3313 890 3374 et
922 3311 1106 3391 oratioue,
1142 3313 1316 3394 quoniam
1350 3332 1416 3377 uou

281 3413 475 3477 exaudiam
504 3413 542 3477 iu
568 3418 750 3497 tempore,
789 3433 859 3496 quo
881 3416 1144 3480 inuocauerint
1167 3435 1237 3498 me,
1271 3418 1309 3482 iu
1331 3422 1417 3482 tem-

280 3536 366 3600 pore
390 3517 622 3582 adflictionis
646 3536 743 3583 suae.
781 3522 814 3582 ot
836 3519 937 3583 adbuc
961 3538 1064 3602 supra,
1088 3520 1172 3584 idem
1193 3521 1417 3587 misericordiae

228 3647 254 3687 oo
280 3622 435 3704 praelator
458 3640 553 3705 quam
576 3622 733 3687 sacrificii:
765 3627 800 3687 et
823 3626 861 3687 tu
885 3643 929 3687 ne
957 3623 1174 3688 adoraueris
1197 3644 1261 3708 pro
1284 3627 1416 3710 populo

382 3786 411 3855 9]
431 3784 573 3851 caloae,
593 3789 632 3843 13.
701 3787 745 3855 10]
764 3787 797 3841 of.
811 3787 874 3841 Hos.
889 3790 913 3852 6,
927 3790 950 3842 6.
1019 3787 1062 3857 11]
1083 3788 1116 3843 cf.
1129 3789 1221 3843 Enoch.
1235 3793 1277 3855 33,
1291 3794 1315 3845 6.
1373 3790 1414 3860 12]

281 3872 383 3928 l'l'im.
395 3875 420 3937 4,
434 3876 474 3929 10.
546 3874 590 3943 15]
609 3874 686 3928 Rom.
701 3876 741 3939 14,
753 3877 779 3929 4.
850 3875 895 3944 22]
915 3875 949 3929 cf.
962 3876 1005 3930 Es,
1018 3878 1060 3940 45,
1074 3879 1097 3931 7.
1169 3876 1213 3947 23]
1231 3877 1304 3932 Hiar.
1324 3880 1415 3943 1411.

279 3960 324 4029 24]
343 3958 407 4014 ibid.
422 3964 462 4025 11,
477 3963 509 4016 14
522 3977 578 4029 sqq.
631 3962 675 4030 26]
694 3961 758 4015 ibid.
774 3965 796 4027 7,
811 3964 843 4017 15
857 3978 913 4030 sqq.

321 4112 338 4163 2
360 4125 393 4162 uo
412 4111 470 4165 Lot
542 4113 559 4165 4
577 4113 604 4163 et
622 4110 681 4163 ideo
704 4113 769 4167 Uro:
791 4110 838 4164 sed
860 4111 921 4165 ideo
939 4114 966 4166 B
1037 4116 1052 4169 5
1071 4112 1236 4181 paracletum
1253 4114 1337 4168 istum
1354 4116 1413 4183 fort.

279 4198 312 4252 12
331 4196 493 4250 saluificator
515 4199 566 4253 Urs
632 4200 664 4253 17
683 4197 773 4251 iutilia
791 4200 827 4267 B,
846 4198 969 4267 sparsilia
990 4199 1013 4254 0
1033 4206 1058 4254 et
1075 4201 1159 4256 codes
1176 4201 1316 4257 Rcmcaara
1333 4220 1351 4255 a
1368 4202 1414 4255 Pi-

277 4286 353 4339 tboco
371 4285 507 4353 tempestas
571 4287 606 4339 24
624 4284 696 4353 quod
714 4284 752 4354 et]
772 4286 945 4353 quoniamO
1006 4290 1040 4343 28
1058 4287 1244 4342 inuocauerint
1266 4288 1295 4358 O,
1312 4289 1414 4341 inuoca-

277 4370 348 4424 uerit
366 4371 394 4425 B
446 4370 475 4424 iu
496 4371 525 4441 0,
543 4374 571 4425 ct
587 4372 617 4424 in
634 4373 662 4426 B
714 4374 748 4427 29
766 4372 839 4426 idom
860 4374 923 4429 Gal:
940 4374 1045 4428 hisdem
1062 4377 1090 4430 B
