3200 5034
283 438 346 503 218
482 439 512 506 Q.
532 439 558 493 S.
577 439 606 494 F.
626 439 835 495 Tertulliani.
863 440 923 494 VII.
943 442 986 494 De
1005 441 1167 510 baptismo
1186 445 1227 497 20.

283 614 395 698 etquis
408 616 492 680 enim
507 615 662 699 prohibet,
678 617 740 681 nisi
755 617 926 681 necessitas
942 617 1047 700 gaudii
1063 619 1094 680 et
1108 617 1277 701 gratulatio
1293 618 1430 681 salutis?

282 720 337 784 sed
360 720 513 801 dominus,
544 722 732 803 quantulum
754 722 897 801 aestimo,
928 722 966 786 de
989 722 1089 805 figura
1111 720 1238 787 Israelis
1262 721 1429 804 exprobra-

281 825 399 889 tionem
420 823 454 889 in
476 826 581 907 ipsum
603 826 738 890 retorsit.
783 844 919 908 namque
942 826 1076 908 populus
1100 844 1186 892 mare
1211 829 1427 909 transgressus

281 933 313 994 et
338 930 371 993 in
398 929 598 994 solitudinem
625 930 795 993 translatus
823 949 878 1013 per
901 931 1108 1015 quadraginta
1136 948 1234 993 annos
1261 930 1330 994 illie¹
1353 948 1427 993 oum

241 1061 255 1100 s
282 1034 395 1098 diuinis
418 1033 515 1117 copiis
539 1034 683 1115 aleretur,
707 1034 909 1098 nihilominus
932 1035 1052 1099 uentris
1077 1038 1108 1099 et
1127 1035 1219 1118 gulae
1239 1034 1427 1098 meminerat

281 1156 376 1220 quam
399 1136 457 1201 dei.
503 1138 615 1203 deinde
638 1138 783 1203 dominus
807 1143 878 1222 post
901 1157 1012 1222 aquam
1039 1142 1222 1223 segregatus
1244 1138 1279 1202 in
1303 1138 1427 1202 deserta

281 1242 488 1327 quadraginta
510 1243 632 1307 dierum
653 1243 770 1307 ieiunia
793 1262 941 1307 emensus
964 1242 1102 1307 ostendit
1124 1227 1196 1308 non
1210 1261 1290 1326 pane
1316 1242 1426 1305 uiuere

279 1347 440 1411 hominem
471 1346 535 1427 dei,
570 1347 625 1411 sed
654 1347 704 1411 dei
735 1346 831 1411 uerbo
862 1348 1146 1431 temptationesque
1176 1346 1362 1429 plenitudini
1393 1350 1425 1409 et

279 1452 536 1517 immoderantiae
559 1452 678 1517 uentris
702 1453 859 1535 appositas
884 1452 1075 1517 abstinentia
1098 1452 1179 1517 elidi.
1215 1452 1310 1535 igitur
1330 1452 1424 1515 bene-

228 1584 252 1620 ιο
278 1556 364 1637 dicti,
388 1573 465 1637 quos
485 1556 588 1639 gratia
606 1556 658 1620 dei
677 1559 830 1639 expectat,
854 1575 927 1620 eum
948 1557 986 1620 de
1006 1557 1059 1620 illo
1080 1556 1278 1621 sanctissimo
1298 1556 1423 1619 lauacro

279 1660 352 1724 noui
378 1661 493 1725 natalis
524 1661 690 1725 ascenditis
722 1664 754 1725 et
779 1661 898 1742 primas
930 1679 1042 1725 manus
1074 1660 1157 1744 apud
1186 1664 1321 1724 matrem
1351 1679 1422 1723 cum

277 1764 427 1828 fratribus
457 1764 595 1847 aperitis,
625 1765 721 1846 petite
751 1765 790 1828 de
814 1768 919 1846 patre,
946 1765 1044 1848 petite
1075 1765 1112 1829 de
1140 1765 1275 1844 domino,
1301 1764 1423 1846 peculia

277 1868 408 1951 gratiae,
432 1867 670 1933 distributiones
694 1869 920 1933 charismatum
944 1868 1113 1933 subiacere.
1151 1869 1286 1951 petite,
1310 1871 1345 1931 et
1367 1886 1423 1931 ac-

278 1972 450 2055 cipietis,
479 1972 590 2054 inquit.
635 1972 803 2054 quaesistis
832 1974 916 2038 enim
944 1976 975 2037 et
996 1973 1178 2047 inuenietis3
1209 1972 1359 2056 pulsastis
1391 1976 1422 2035 et

227 2103 252 2141 re
279 2079 422 2159 apertum
453 2079 503 2140 est
528 2075 629 2141 uobis.
674 2079 800 2141 tantum
828 2096 891 2158 oro,
922 2081 967 2158 nt,
991 2096 1063 2142 cum
1086 2078 1203 2161 petitis,
1227 2077 1324 2141 etiam
1347 2076 1421 2139 Ter-

277 2181 402 2245 tulliani
423 2182 594 2263 peccatoris
618 2182 834 2246 memineritis

383 2379 427 2448 rs]
447 2378 543 2433 naen.
558 2381 618 2443 ae.
719 2342 722 2349 ’

322 2562 444 2630 lecquis
467 2561 593 2618 Oehlcrus
620 2545 626 2561 ⁸
654 2564 821 2631 aquarium
839 2563 960 2617 existimo
984 2566 1035 2619 Urs
1096 2567 1158 2619 det
1177 2564 1239 2619 Geir
1257 2566 1297 2618 est
1315 2566 1350 2633 B,
1369 2583 1418 2619 om.

277 2652 333 2720 Rip
403 2649 576 2704 solitudinem
595 2652 664 2704 Iera:
686 2649 830 2704 solitudine
853 2651 880 2705 B
950 2654 966 2706 6
989 2650 1100 2720 proinde
1122 2653 1178 2707 Lot
1244 2651 1347 2705 deserto
1369 2652 1418 2706 Urs

208 2775 211 2779 -
278 2739 310 2792 12
330 2736 449 2806 domino]
467 2736 549 2805 petite
568 2736 600 2789 de
619 2736 714 2805 spiritu
733 2740 824 2791 sancto
843 2738 972 2793 addenda
988 2742 1051 2807 sort.
1108 2741 1140 2795 13
1157 2739 1259 2807 gratiae
1281 2739 1419 2793 Oehlerrts:

277 2824 363 2892 gratia
381 2824 416 2890 B,
434 2824 535 2891 gratias
550 2823 600 2878 oo
651 2823 805 2877 subiacente
825 2824 883 2891 cei,
902 2822 1058 2878 subiiciente
1076 2827 1148 2880 Pam
1219 2824 1417 2879 distributiones

277 2909 469 2963 charismatum
488 2909 623 2963 subiacere
640 2918 672 2965 at
690 2912 809 2981 plescum
828 2912 895 2966 delet
912 2912 1091 2967 Harmodios
