3200 5034
376 439 421 493 IX.
441 440 485 493 De
503 439 626 492 ieiunio
645 439 801 492 aduersus
820 438 994 507 psychicos
1013 439 1123 493 10-11.
1197 394 1200 399 v
1258 434 1322 499 289

181 618 272 698 perta
293 615 465 679 secundum
486 616 637 680 maiorem
652 617 717 680 uim
733 614 951 697 imperitorum
966 614 1048 697 apud
1064 612 1322 697 gloriosissimam

183 720 300 783 scilicet
322 720 557 784 multitudinem
578 720 806 804 psychicorum.
846 722 1010 803 propterea
1035 736 1090 801 per
1114 718 1253 801 singulas
1277 716 1324 780 di-

181 825 318 888 reximus
349 825 467 908 spooies
497 825 734 904 ieiunationum,
765 823 1035 907 xerophagiarum,
1066 822 1248 903 stationum,
1277 823 1323 900 ut,

184 927 257 992 dum
287 947 488 992 recensemus
519 929 692 993 secundum
722 900 886 1009 utriusque
917 926 1100 991 testamenti
1131 929 1323 1009 paraturam,

149 1049 153 1055 ·
183 1035 338 1113 quantum
352 1032 517 1115 proficiant
531 1034 666 1097 recusati
681 1033 733 1097 uel
748 1031 841 1096 recisi
856 1031 907 1095 uel
922 1030 1072 1096 retardati
1086 1028 1195 1113 pabuli
1211 1027 1323 1108 officia,
1364 1053 1377 1092 r

184 1154 237 1200 eos
259 1137 475 1217 retundamus,
499 1137 552 1219 qui
574 1138 652 1201 haec
674 1138 763 1201 uelut
784 1136 931 1201 uacantia
953 1134 1125 1215 infirmant,
1147 1134 1227 1198 item
1249 1132 1325 1196 dum

182 1240 298 1322 paritor
321 1241 525 1321 ostendimus,
549 1259 610 1323 quo
634 1260 758 1324 semper
774 1241 807 1305 iu
823 1240 930 1305 ordine
946 1240 1063 1304 fuerint
1078 1238 1247 1322 religionis,
1272 1254 1324 1301 eos

183 1345 393 1426 reuinoamus,
417 1348 470 1427 qui
492 1346 570 1409 haec
592 1349 627 1410 ut
643 1363 726 1409 noua
746 1348 909 1419 aocusaut;
932 1362 990 1409 nec
1010 1361 1128 1408 nouum
1145 1343 1228 1407 enim
1243 1340 1326 1423 quod

185 1467 309 1531 semper
338 1467 396 1513 neo
425 1467 561 1514 uacuum
593 1449 675 1532 quod
704 1450 790 1513 utile.
830 1448 886 1513 sed
916 1451 948 1512 et
978 1446 1055 1513 illud
1081 1446 1115 1511 in
1142 1446 1243 1509 medio
1268 1447 1325 1525 ost,

184 1552 339 1632 quaedam
362 1572 399 1617 ex
421 1553 470 1617 his
493 1552 603 1617 officiis
627 1572 646 1617 a
669 1553 725 1617 deo
748 1552 867 1616 homini
890 1552 1047 1635 imperata
1075 1551 1180 1635 legem
1210 1549 1325 1614 cousti-
1354 1574 1379 1611 lo

184 1657 292 1737 tuisse,
309 1656 463 1738 quaedam
479 1656 518 1721 ab
534 1657 661 1722 homine
677 1657 734 1721 deo
749 1656 857 1721 oblata
868 1659 979 1721 uotum
992 1655 1187 1739 expunxisse.
1219 1656 1327 1717 tamen

186 1762 219 1823 et
241 1763 361 1841 uotum,
383 1779 456 1825 cum
479 1780 498 1825 a
521 1761 578 1826 deo
601 1764 799 1844 acceptatum
823 1764 880 1841 est,
903 1762 1008 1844 legem
1027 1760 1061 1823 in
1076 1746 1238 1844 posterum
1253 1758 1328 1821 lacit
1432 1797 1435 1802 -

184 1884 240 1947 per
264 1866 481 1932 auctoritatem
498 1867 717 1950 acceptatoris
742 1866 851 1931 exinde
869 1866 953 1930 euim
968 1865 1148 1930 faciendum
1164 1863 1327 1928 mandauit

186 1970 240 2051 qui
261 1970 380 2035 factum
402 1971 627 2055 comprobauit.
666 1972 770 2054 itaque
791 1974 822 2035 et
836 1971 910 2035 hinc
924 1972 958 2035 in
974 1970 1035 2035 alia
1050 1970 1153 2054 specie
1168 1968 1327 2033 altercatio

185 2074 328 2138 diuersae
349 2076 447 2158 partis
468 2075 643 2155 obducitur,
667 2094 740 2139 cum
755 2075 876 2139 dicum:
901 2078 955 2139 aut
969 2072 1254 2158 pseudoprophetia
1269 2074 1327 2151 est,
1355 2093 1379 2133 15
1397 2088 1401 2177 1

186 2178 214 2241 si
229 2178 378 2261 spiritalis
394 2197 454 2243 uox
470 2179 635 2244 sollemnia
649 2180 711 2244 ista
725 2179 898 2259 constituit,
915 2181 970 2243 aut
985 2178 1135 2259 haeresis,
1152 2178 1179 2241 si
1190 2177 1329 2241 humana
1397 2178 1400 2208 ³

185 2284 400 2367 praesumptio
424 2284 592 2349 adiuuerit.
633 2302 703 2347 eam
719 2284 803 2347 enim
818 2283 954 2348 formam
968 2282 1243 2365 reprehendentes,
1267 2298 1329 2362 qua

186 2389 219 2450 et
233 2390 342 2452 uetera
362 2388 616 2468 decucurrerunt,
640 2391 672 2453 61
694 2407 731 2451 ex
754 2406 792 2452 aa
813 2390 1039 2469 retorquentes,
1063 2403 1141 2468 quae
1165 2388 1197 2450 61
1219 2384 1328 2449 aduer-

187 2491 262 2554 sarii
284 2495 427 2556 ueterum
451 2492 600 2557 aduersus
624 2492 680 2570 illa
702 2494 850 2575 poterunt
871 2494 1052 2571 retractare,
1076 2493 1130 2554 aut
1153 2493 1184 2554 et
1206 2490 1259 2553 illa
1280 2508 1329 2552 16-

188 2612 297 2658 ousare
320 2595 479 2660 debebunt
501 2599 555 2661 aut
577 2599 683 2660 exerta
703 2597 766 2660 ista
788 2595 961 2679 suscipere;
991 2594 1166 2659 necessarie
1194 2593 1328 2657 maxime
1355 2618 1381 2657 1ο

189 2716 262 2772 cum
284 2703 317 2764 et
345 2700 416 2779 ista,
447 2718 466 2763 a
495 2718 691 2782 quocumque
713 2700 895 2764 institutore
918 2702 993 2764 sunt
1020 2699 1084 2763 siue
1108 2697 1240 2781 spiritali
1261 2696 1329 2761 siue

189 2806 316 2867 tantum
345 2801 441 2884 fideli,
472 2804 574 2869 eidem
603 2805 661 2868 deo
691 2806 828 2884 currant,
859 2804 910 2867 cui
940 2806 972 2867 et
998 2805 1115 2867 uetera.
1154 2800 1329 2865 indubitata

189 2908 274 2970 euim
297 2911 329 2972 et
351 2908 490 2972 haeresis
514 2911 546 2972 et
566 2908 850 2992 pseudoprophetia
865 2907 1038 2972 diuinitatis
1054 2906 1235 2971 diuersitate
1250 2905 1329 2969 iudi-

189 3010 345 3076 cabuntur
373 3013 456 3095 apud
485 3028 542 3076 nos
573 3029 681 3077 omnes
712 3012 797 3076 unici
825 3011 875 3075 dei
898 3011 1045 3077 creatoris
1069 3014 1100 3076 61
1123 3009 1239 3075 Christi
1262 3010 1328 3074 eius

190 3116 360 3198 antistites,
384 3117 521 3198 adeoque
543 3116 757 3182 indifferenter
778 3117 861 3181 hano
883 3119 1005 3199 partem
1028 3116 1159 3181 defendo
1174 3114 1238 3179 illis
1253 3114 1328 3178 offe·
1355 3137 1381 3177 11

189 3239 263 3284 rens
285 3220 319 3284 in
341 3238 401 3302 quo
431 3220 539 3291 uelint=
559 3222 692 3305 gradum
721 3220 827 3304 figere.
867 3220 994 3303 spiritus
1017 3218 1133 3284 diaboli
1156 3221 1214 3300 est,
1242 3218 1329 3299 diois,

190 3343 208 3389 o
231 3325 386 3408 psychice.
425 3328 456 3389 et
478 3325 631 3407 quomodo
655 3324 704 3389 dei
726 3324 825 3388 nostri
848 3322 951 3387 officia
972 3323 1081 3388 indicit
1102 3340 1160 3387 nec
1182 3320 1330 3387 11116116-

189 3428 289 3492 reuda
303 3446 399 3511 quam
415 3429 472 3493 deo
488 3431 616 3494 nostro?
654 3431 710 3492 aut
725 3428 878 3492 contenda
894 3425 1053 3491 diabolum
1068 3446 1140 3491 curn
1156 3425 1212 3490 deo
1227 3426 1329 3489 facere

191 3536 297 3596 nostro
324 3535 378 3596 aut
408 3535 535 3597 satanas
565 3532 742 3615 paracletus
773 3532 936 3596 habeatur.
976 3530 1031 3594 sed
1060 3530 1219 3594 hominem
1249 3529 1329 3592 anti-

191 3637 346 3702 christum
368 3636 530 3711 adfirmas;
553 3636 611 3701 hoc
634 3636 718 3700 enim
741 3638 892 3700 uocantur
914 3634 1061 3699 haeretici
1083 3634 1210 3698 nomine
1231 3652 1329 3716 penes
1356 3657 1383 3697 11

191 3740 374 3805 Iohannem.
413 3744 445 3804 61
475 3740 639 3822 quomodo,
669 3740 808 3821 quisquis
838 3740 891 3803 ille
923 3742 981 3819 est,
1012 3738 1045 3802 in
1069 3736 1192 3802 Christo
1222 3740 1329 3801 nostro

191 3845 270 3909 haeo
300 3863 376 3929 erga
405 3844 568 3909 dominum
599 3847 741 3909 nostrum
772 3842 876 3907 officia
903 3842 1064 3925 disposuit,
1095 3859 1166 3905 oum
1197 3844 1228 3905 at
1250 3841 1330 3905 anti-

192 3948 301 4014 christi
323 3967 399 4033 erga
421 3950 539 4029 deum,
555 3948 723 4013 aduersum
750 3950 893 4012 nostrum
915 3944 1124 4029 processerint
1146 3943 1330 4009 Christum?

238 4120 449 4177 121111111111
507 4122 539 4177 lo
556 4121 702 4189 potuerunt
718 4120 783 4186 Lot,
801 4119 925 4187 poterant
948 4118 1000 4173 1111
1055 4117 1089 4171 20
1109 4114 1256 4169 debuerunt
1274 4116 1331 4170 Lat

193 4211 241 4262 aut
258 4208 323 4263 add.
336 4208 392 4263 Lat
444 4210 532 4261 exerta
547 4208 584 4275 B,
601 4209 688 4260 exerte
707 4206 736 4275 0,
753 4207 824 4259 certa
841 4206 893 4260 1111
946 4202 1091 4267 necessario
1113 4203 1164 4257 1111
1217 4202 1331 4255 maxime

193 4295 243 4349 del.
266 4295 319 4349 1111
389 4295 420 4349 21
440 4293 495 4347 sint
516 4295 567 4349 1111
637 4296 671 4349 23
689 4290 928 4361 pseudoprophetia
948 4288 1011 4344 Get:
1032 4287 1285 4357 pseudoprophetiae
1304 4289 1331 4343 Β

193 4383 228 4436 24
246 4397 337 4434 omnes
358 4380 421 4436 Get:
439 4380 510 4449 apud
527 4396 618 4433 omncs
634 4381 661 4434 B
715 4381 748 4433 32
767 4379 847 4431 deum
864 4381 926 4447 fort.
981 4378 1015 4432 33
1033 4391 1096 4443 arga
1114 4375 1193 4428 deum
1211 4376 1260 4429 dcl.
1274 4376 1332 4437 Lat

246 4475 392 4516 1111111.
1144 4466 1175 4512 19
