3200 5034
272 362 336 427 230
500 361 616 427 Quinti
635 361 773 431 Septimi
793 362 961 416 Florentis
980 362 1180 416 Tertulliani

273 642 354 725 quod
383 662 440 706 nec
468 642 554 726 ipsae
577 643 679 707 adhuc
702 661 801 726 aquae
831 643 983 708 lauerant.
1023 646 1055 707 at
1085 642 1139 707 ubi
1163 661 1265 708 sermo
1289 643 1338 706 dei
1359 643 1409 707 de-

243 746 393 811 'scendit
422 748 455 811 iu
485 766 612 811 carnem
643 766 682 811 ne
713 748 831 830 nuptiis
863 749 989 831 quidem
1018 748 1212 831 resignatam
1245 752 1276 812 et
1310 766 1409 811 sermo

271 870 342 915 caro
365 851 466 916 factus
490 855 538 916 ost
560 871 600 915 ne
622 853 739 935 nuptiis
762 853 889 933 quidem
909 853 1107 937 resignanda,
1130 870 1209 934 quae
1230 853 1269 915 ad
1291 853 1409 935 bgnum

234 984 247 1023 s
272 975 333 1021 uon
355 957 610 1037 incontinentiae,
641 958 696 1020 sed
719 957 902 1021 tolerantiae
927 957 1097 1037 accederet,
1129 975 1209 1038 quae
1232 974 1294 1021 non
1322 956 1409 1021 dulce

254 1061 398 1143 ahquid,
429 1062 484 1125 sed
507 1079 651 1125 amarum
673 1062 791 1143 aliquid
814 1061 886 1125 iude
912 1064 1064 1146 gustaret,
1095 1079 1175 1144 quae
1205 1079 1268 1125 non
1299 1061 1338 1125 ad
1364 1062 1410 1125 iu-

271 1166 364 1247 feros,
388 1165 443 1229 sed
466 1166 506 1229 ad
528 1167 651 1230 caelum
673 1166 854 1249 pertineret,
882 1185 962 1249 quae
985 1184 1047 1230 non
1070 1166 1216 1230 lasciuiae
1239 1165 1410 1246 frondibus,

272 1270 328 1335 sed
350 1270 574 1335 sanctimoniae
596 1269 724 1335 floribus
748 1271 1011 1354 praecingeretur,
1041 1288 1121 1352 quae
1143 1270 1317 1335 munditias
1340 1288 1409 1333 suas

272 1375 362 1457 aquis
392 1376 544 1454 traderet,
575 1374 686 1438 exindo
716 1391 787 1438 caro
818 1393 1033 1457 quaecumque
1062 1376 1095 1438 in
1125 1373 1247 1440 Christo
1278 1375 1408 1455 reliquas

221 1504 246 1543 ιο
273 1479 380 1544 sordes
403 1480 551 1561 pristinas
575 1479 678 1559 soluit,
702 1480 764 1543 alia
778 1479 843 1543 iam
859 1498 909 1543 res
926 1482 985 1559 est,
1009 1496 1091 1543 noua
1106 1479 1248 1563 emergit,
1271 1479 1335 1543 iam
1351 1497 1409 1543 nou

273 1603 309 1651 er
339 1583 470 1647 seminis
500 1584 586 1664 limo,
617 1602 680 1647 nou
710 1602 747 1647 ex
777 1584 1049 1665 concupiscentiae
1079 1583 1164 1663 fimo,
1196 1583 1251 1647 sed
1274 1602 1310 1647 er
1334 1601 1410 1664 aqua

272 1705 351 1770 pura
373 1690 405 1751 et
427 1688 540 1770 spiritu
563 1689 689 1751 mundo.
729 1688 803 1770 quid
825 1688 930 1770 itaque
953 1688 1042 1751 illam
1061 1688 1099 1751 de
1114 1687 1247 1770 pristino
1264 1690 1409 1751 excusas?

273 1809 336 1855 uon
366 1808 477 1874 corpus
506 1790 632 1872 Christi,
663 1811 726 1857 uon
756 1792 900 1856 membra
931 1790 1055 1873 Christi,
1087 1809 1149 1855 uon
1179 1792 1335 1875 templum
1364 1791 1411 1854 dei

273 1895 458 1975 uocabatur,
493 1914 565 1959 cum
600 1896 726 1960 ueniam
760 1896 922 1959 moechiae
952 1896 1210 1978 consequebatur.
1249 1896 1354 1978 itaque
1387 1896 1412 1959 si

219 2026 244 2065 ιο
271 1999 392 2079 exinde,
423 2017 483 2081 quo
507 2002 628 2063 statum
649 2001 755 2081 uertit,
786 2000 873 2063 etin
898 1998 1057 2064 Christum
1081 2001 1180 2065 tincta
1199 2000 1304 2091 induit
1327 1999 1412 2064 Chri-

270 2106 356 2167 stum
387 2106 419 2167 et
448 2120 563 2187 magno
593 2103 757 2186 redempta
787 2107 846 2184 est,
877 2105 1030 2188 sanguine
1062 2105 1182 2168 scilicet
1208 2104 1338 2185 domini,
1369 2104 1412 2186 [et

272 2208 438 2292 magnum]
469 2209 558 2272 tenes
589 2208 716 2290 aliquod
746 2209 925 2292 exemplum
949 2209 1016 2272 siue
1039 2212 1240 2292 praeceptum
1264 2210 1330 2272 siue
1352 2208 1411 2273 for·

272 2332 357 2377 mam
388 2313 455 2376 siue
486 2313 677 2376 seutentiam
706 2313 847 2377 indultae
872 2314 938 2376 siue
961 2313 1170 2397 indulgendae
1200 2313 1410 2377 fornicatiouis

273 2422 366 2501 atque
396 2417 567 2497 moechiae,
597 2417 695 2481 habes
726 2417 822 2480 etiam
853 2418 1002 2501 temporis
1034 2436 1052 2481 a
1079 2417 1169 2482 nobis
1192 2417 1411 2497 definitionem,

220 2549 246 2587 eo
274 2542 309 2587 ex
332 2542 392 2605 quo
417 2523 583 2604 deputetur
606 2525 693 2586 aetas
717 2522 921 2604 quaestionis.

317 2625 347 2690 7.
377 2626 407 2690 A
437 2626 595 2709 parabolis
622 2625 731 2690 licebit
757 2627 898 2709 incipian,
926 2625 981 2690 ubi
1010 2630 1059 2690 est
1086 2626 1154 2691 ouis
1177 2626 1299 2710 perdita
1322 2645 1341 2689 a
1362 2625 1412 2690 do-

274 2732 359 2795 miuo
381 2731 534 2813 requisita
557 2734 589 2795 et
610 2732 750 2794 humeris
774 2732 840 2794 eius
864 2735 999 2795 reuecta.
1038 2730 1208 2814 procedant
1234 2732 1321 2814 ipsae
1351 2732 1412 2814 pic·

273 2840 363 2899 turae
386 2836 519 2899 cahcum
541 2837 730 2915 uestrorum,
755 2836 782 2898 si
805 2835 857 2898 uel
879 2834 912 2899 in
933 2836 994 2899 illis
1011 2835 1184 2917 perlucebit
1199 2836 1412 2918 interpretatio

274 2940 403 3024 pecudis
426 2940 521 3021 illius,
544 2943 692 3003 utrumne
715 2938 892 3004 Christiano
916 2958 955 3003 an
979 2940 1103 3003 ethnico
1130 2941 1287 3022 peccatori
1309 2940 1346 3004 do
1367 2959 1414 3003 re-

222 3071 248 3110 os
276 3044 439 3109 st'tutione
462 3043 619 3107 conliniet.
658 3044 900 3126 praescribimus
924 3044 1010 3107 enim
1031 3063 1068 3107 ex
1092 3048 1221 3108 naturae
1242 3043 1413 3127 disciplina,

277 3149 404 3232 exlege
428 3148 512 3211 auris
535 3151 568 3211 et
589 3148 725 3231 linguae,
750 3168 786 3211 er
809 3148 924 3212 mentis
949 3147 1082 3212 sanitate
1099 3167 1136 3212 ea
1151 3167 1275 3231 semper
1290 3166 1414 3230 respon-

276 3254 341 3317 deri
362 3270 442 3334 quae
461 3255 670 3335 prouocantur
685 3253 716 3315 id
732 3261 782 3316 est
796 3254 836 3316 ad
852 3271 890 3316 ea
905 3271 985 3334 quae
1000 3256 1181 3335 prouocant.
1216 3252 1414 3335 prouocabat,

276 3360 312 3421 ut
341 3357 465 3440 opinor,
499 3357 580 3438 quod
606 3357 767 3421 Pharisaei
794 3357 978 3440 publicanos
1010 3360 1041 3420 et
1071 3360 1250 3438 peccatores
1279 3357 1414 3421 ethnicos

277 3462 499 3526 admittentem
530 3461 692 3525 dominum
720 3464 751 3525 et
778 3480 850 3525 cum
877 3461 939 3525 illis
964 3462 1001 3525 de
1024 3462 1109 3525 uictu
1132 3461 1414 3525 communicantem

322 3618 335 3671 1
355 3619 383 3670 et
403 3615 489 3669 iactae
507 3617 590 3668 sortes
608 3631 662 3668 non
679 3615 808 3669 habentes
826 3615 936 3669 idoneae
948 3617 984 3683 B,
1002 3615 1123 3683 (exlecte
1136 3615 1226 3669 sordes
1238 3614 1415 3683 bechehem),

276 3702 386 3757 idoneae
405 3703 540 3771 Oeblcras,
558 3704 586 3755 et
602 3702 686 3755 iactae
705 3702 794 3756 sordes
813 3719 867 3755 non
884 3702 957 3756 ablui
976 3703 1085 3756 idoneae
1102 3705 1161 3769 Urs,
1179 3705 1207 3756 et
1224 3702 1312 3757 luctae
1330 3701 1416 3757 sordes

277 3806 333 3844 uon
353 3789 463 3843 habenis
486 3789 595 3843 idoneae
615 3790 687 3857 Seni,
710 3793 741 3843 ut
762 3788 864 3843 lacteae
882 3789 952 3843 fores
970 3805 1024 3843 non
1041 3789 1165 3844 habentis
1182 3789 1292 3844 idoneas
1310 3792 1373 3859 Iena,
1391 3791 1416 3841 et

278 3893 370 3931 caecae
388 3875 485 3942 sordes,
504 3892 558 3929 non
576 3876 649 3930 ablui
666 3876 776 3930 idoneae
794 3877 881 3931 nlo.
898 3878 1063 3944 (trebonius,
1087 3880 1114 3931 et
1137 3876 1226 3930 allitae
1245 3878 1301 3944 (act
1318 3876 1416 3943 mutae)

278 3964 369 4018 sordes
390 3980 444 4017 non
464 3963 593 4018 habentes
616 3980 667 4032 quo
690 3963 863 4017 abluerentur
884 3964 978 4017 idonee
1000 3966 1073 4033 fort,
1096 3967 1123 4018 et
1140 3964 1240 4017 lacteae
1259 3964 1348 4017 sordes
1365 3978 1416 4016 non

279 4050 414 4114 abeuntes,
424 4049 534 4103 idoneae
543 4051 687 4106 Hortelc'us
731 4054 868 4107 Scarnem
880 4051 1088 4105 Geiscarcerem
1098 4054 1131 4119 ΒΙ·
1169 4053 1310 4106 6oiteown
1320 4048 1416 4118 aliquid

239 4129 242 4133 ⁵
280 4139 329 4192 dcl.
342 4138 399 4192 Lat
452 4139 483 4192 11
497 4136 561 4190 fimo
578 4139 643 4194 Urs.-
659 4137 734 4191 fumo
748 4140 775 4191 B
830 4140 863 4193 16
882 4140 909 4191 ot
926 4154 1054 4207 magnum
1072 4140 1177 4207 seciasc',
1196 4141 1223 4191 et
1241 4138 1304 4206 agni
1318 4137 1374 4205 ceo,
1392 4139 1417 4189 ct

279 4241 360 4278 manu
378 4225 524 4279 Harteiius
576 4227 610 4279 27
628 4225 837 4293 id-prouocant
855 4227 962 4281 seclusit
979 4226 1035 4295 Rip
1092 4225 1120 4277 id
1139 4224 1190 4293 est]
1209 4224 1236 4277 id
1256 4227 1297 4277 est
1314 4239 1416 4293 respon-

280 4313 337 4367 deri
345 4316 418 4384 sort,
429 4312 531 4366 scilicet
540 4313 685 4368 Heraclius
736 4312 900 4382 prouocabat
908 4314 976 4383 Rip:
989 4298 1188 4382 prouocabit'B,
1198 4312 1356 4381 prouocauit
1364 4313 1416 4367 Iun
