3200 5034
667 444 698 497 V.
717 444 889 513 Seerpiaee
910 448 949 499 15.
1319 444 1379 508 179

238 619 314 681 deus
334 619 507 683 humanum
531 620 717 703 sanguinem
736 620 833 704 Lsitiat
854 637 921 704 neeJ
936 618 1080 684 Christus
1101 619 1204 683 uiuem
1223 620 1379 700 passionis

238 723 328 805 quasi
355 724 479 806 etipse
507 724 544 787 de
572 742 610 787 ea
640 724 774 788 salutem
806 728 1039 809 consecuturus
1071 727 1238 809 exposcat,
1271 724 1379 788 statim

238 828 375 892 audisset
398 846 416 891 e
438 846 529 892 seruo
561 828 609 891 dei
639 828 721 910 qued
752 828 893 893 audierat
922 828 1064 893 diabulus
1091 847 1120 913 [a
1148 828 1295 913 demiuep
1326 847 1378 891 re-

141 938 219 993 fuuv
237 933 324 996 eede
352 936 498 1013 satana,
527 933 745 997 scandalum
776 932 868 997 mihi
898 952 945 998 es.
992 933 1175 1016 seriptum
1201 935 1277 1017 [est]
1295 928 1301 1015 Ι
1320 932 1378 996 de-

237 1038 377 1101 minum
405 1037 512 1101 deum
539 1040 643 1101 tuum
673 1036 848 1101 adorabis
876 1041 913 1101 et
939 1037 997 1101 illi
1026 1037 1097 1102 seli
1124 1037 1277 1102 seruies.
1323 1037 1378 1099 sed
1417 1065 1430 1103 e

238 1145 270 1205 et
291 1160 374 1205 nune
397 1142 503 1206 audire
527 1140 663 1223 debebit,
688 1145 843 1224 quatenus
867 1142 965 1206 multe
988 1145 1060 1225 pest
1082 1160 1204 1206 uenena
1226 1141 1288 1204 iste
1311 1140 1378 1203 suf-

237 1246 332 1327 fudit,
360 1246 439 1310 nulli
465 1244 661 1310 infirmorum
687 1246 779 1311 facile
807 1247 963 1327 neeitura,
990 1247 1050 1310 nisi
1077 1246 1105 1309 si
1132 1246 1186 1328 qui
1212 1263 1275 1309 nen
1296 1244 1377 1307 hane

236 1353 377 1414 nestram
406 1369 442 1414 ex
468 1349 528 1415 fide
555 1350 745 1434 praebiberit
771 1352 823 1415 uel
851 1352 946 1415 etiarn
974 1349 1182 1433 superbiberit
1207 1350 1375 1433 petionem.

340 1540 367 1609 3]
386 1539 483 1594 Matth.
499 1542 539 1604 16,
552 1541 594 1596 23.
607 1542 632 1605 4,
647 1543 685 1597 10.

279 1717 296 1769 3
319 1713 440 1768 diabolus
463 1730 478 1767 a
501 1713 609 1767 demine
634 1715 669 1783 B,
693 1756 896 1767 .........
914 1714 942 1779 (a
964 1712 1073 1766 demine
1097 1710 1326 1779 dee.9),diabelus
1349 1713 1376 1765 A

235 1803 252 1856 4
270 1802 395 1856 sathanas
407 1804 434 1857 B
487 1804 503 1857 7
522 1801 651 1865 nocitura,
671 1801 723 1854 nisi
735 1803 887 1857 Mereems:
903 1800 956 1853 nisi
974 1800 1096 1853 nocitura
1112 1800 1148 1866 B,
1166 1798 1189 1851 si
1207 1798 1328 1851 nocitura
1340 1800 1375 1865 A,

235 1888 356 1942 uoeitura
369 1888 420 1944 Gal
473 1888 572 1957 quisB
626 1904 678 1941 uon
696 1906 746 1945 our.
760 1889 787 1942 B
840 1884 1376 1944 8DE2800RPIAOE:EXPLIOIT3A
