3200 5034
294 445 407 513 Quinti
426 446 564 516 Ssptimi
583 447 665 502 dior.
685 447 769 501 Tert.
794 447 831 502 11.
851 449 895 502 De
913 447 1112 502 idololatria
1131 451 1205 503 1-2.
1276 448 1317 512 31

178 624 245 686 tam
272 622 468 687 deuoratoria
494 623 603 688 salutis
631 625 735 688 cetera
756 641 879 706 quoque
905 623 1043 706 aliquem
1070 623 1110 687 ad
1136 624 1265 688 modum
1287 625 1319 687 el

178 743 319 791 seorsum
340 727 467 809 perinde
490 727 642 810 disposita
667 729 699 791 in
721 727 897 793 idololatria
918 728 1130 793 condicionem
1158 746 1249 792 suam
1270 746 1319 791 re·

176 833 387 913 praesentant.
432 834 465 897 in
494 832 549 897 illa
583 834 615 896 ot
645 832 927 918 concupiscentiae,
954 833 1078 896 sacculi
1124 850 1204 914 quae
1234 832 1318 896 enim

175 934 370 1001 idololatriae
385 936 587 1001 sollemnitas
616 937 683 1001 sino
711 935 880 1001 ambitione
907 938 1010 1000 cultus
1038 939 1070 1000 et
1092 938 1241 1001 ornatus?
1285 935 1318 999 in

175 1038 232 1102 illa
252 1039 401 1104 lasciuiae
424 1044 456 1105 et
478 1039 655 1121 ebrietates,
679 1040 944 1123 cumplurimum
967 1041 1068 1105 uictus
1092 1044 1124 1105 et
1145 1041 1264 1105 uentris
1288 1044 1319 1104 et
1356 1058 1369 1098 s

175 1143 314 1208 libidinis
337 1163 432 1209 causa
453 1145 701 1228 frequententur.
743 1145 775 1208 in
798 1146 854 1210 illa
876 1145 1036 1211 iniustitia.
1071 1145 1146 1227 quid
1165 1146 1249 1208 enim
1269 1145 1318 1208 in-

175 1247 288 1312 iustius
312 1267 349 1313 oa
372 1268 450 1331 quae
473 1249 609 1315 iustitiae
632 1253 755 1333 patrem
777 1251 898 1314 nescit?
932 1250 966 1314 in
987 1251 1043 1314 illa
1065 1249 1162 1313 etiam
1184 1249 1317 1329 panitas,

175 1369 248 1416 cum
274 1356 343 1418 tota
369 1354 436 1418 eius
462 1355 541 1418 ratio
564 1371 647 1418 uana
670 1355 719 1418 sit.
766 1354 818 1438 in,
839 1354 895 1418 illa
916 1353 1126 1433 mendacium,
1153 1371 1226 1417 cum
1252 1356 1318 1418 tota

174 1455 354 1522 substantia
376 1461 442 1523 eius
465 1460 599 1523 mendax
619 1460 675 1544 ,sit
714 1459 764 1544 ita,
787 1459 833 1538 fit,
856 1461 892 1522 ut
913 1458 1020 1522 omnia
1040 1459 1073 1522 in
1096 1457 1271 1522 idololatria
1285 1461 1317 1521 et

173 1561 206 1625 in
229 1562 376 1627 omnibus
399 1563 579 1648 idololatria
601 1563 863 1648 deprehendatur.
910 1563 965 1626 sed
988 1567 1020 1627 et
1042 1563 1129 1643 alias,
1152 1579 1225 1626 cum
1247 1563 1317 1626 uni-
1343 1580 1368 1618 ιο

173 1683 267 1730 uersa
294 1667 408 1732 delicta
432 1667 592 1753 ,aduersus
620 1668 715 1731 deum
742 1667 876 1749 sapiant,
904 1667 982 1730 nihil
1009 1670 1126 1746 autern,
1153 1666 1236 1749 quod
1263 1667 1316 1730 ad-

173 1788 284 1834 uersus
314 1771 407 1836 deum
438 1772 553 1855 sapiat,
583 1790 666 1856 ι10111
692 1771 865 1836 daemoniis
895 1774 927 1834 et
956 1771 1127 1835 immundis
1157 1770 1316 1853 spiritibus

173 1873 341 1957 deputetur
372 1875 484 1957 quibus
512 1876 607 1961 idola,
635 1876 868 1958 mancipantur,
899 1875 966 1939 sine
996 1874 1091 1939 dubio
1121 1874 1315 1940 idololatrian

173 1978 313 2043 admittit
334 1980 517 2066 quicunque
540 1980 702 2062 delinquit.
739 1980 771 2043 id
794 1980 880 2044 enim
901 1979 977 2044 facit
998 1979 1080 2061 quod
1102 1979 1142 2043 ad
1162 1979 1315 2044 idolorum

172 2083 338 2168 mancipes
360 2085 509 2170 pertinet.
1342 2101 1366 2142 re

214 2187 246 2252 2.
278 2189 339 2256 Sed
373 2191 521 2254 uniuersa
555 2191 682 2256 nomina
716 2190 884 2254 criminum
917 2189 1078 2254 discedant
1109 2188 1148 2272 ,in
1181 2206 1315 2274 opopum

172 2311 301 2358 suorum
323 2295 539 2376 proprietates,
563 2298 725 2359 remaneat
746 2293 928 2378 idololatria
949 2293 988 2378 in,
1009 2310 1045 2356 eo
1068 2292 1150 2374 quod
1171 2293 1241 2374 ipsa
1255 2297 1313 2358 est.

172 2397 290 2461 sufficit
313 2397 373 2462 sibi
387 2401 453 2462 tam
476 2398 639 2462 inimicum
655 2398 712 2463 deo
735 2415 866 2482 nonqen,
889 2399 962 2482 tam,
982 2396 1120 2479 locuples
1137 2397 1315 2471 substantia

171 2502 322 2583 criminis,
344 2521 424 2584 quae
440 2507 487 2568 tot
499 2520 604 2568 ramos
627 2502 766 2586 porrigit,
789 2505 837 2567 tot
852 2519 949 2566 uenas
965 2501 1120 2581 diffundit,
1144 2504 1180 2564 ut
1195 2502 1233 2565 de
1256 2502 1315 2566 hoc

73 2611 89 2666 f.
97 2615 157 2668 106r
169 2626 241 2671 cum
266 2609 401 2672 menime
424 2609 556 2673 materia
576 2606 580 2692 Ι
601 2611 747 2690 suscepta
769 2608 821 2686 sit,
849 2610 926 2689 quot
948 2606 1050 2670 modis
1073 2605 1164 2670 nobis
1187 2623 1314 2689 praeca·
1338 2623 1366 2662 so
1413 2605 1416 2610 ’

168 2713 273 2775 nenda
296 2712 337 2776 sit
358 2712 551 2777 idololatriac
573 2712 716 2791 latitudo,
740 2712 889 2793 quoniam
911 2710 1117 2775 multifariam
1139 2728 1247 2775 scruos
1263 2711 1313 2774 dei

169 2834 226 2879 nec
242 2818 366 2880 tantum
389 2817 541 2899 ignorata,
565 2817 620 2880 sod
643 2816 739 2880 etiam
756 2815 953 2880 dissimulata
976 2815 1140 2879 subuertit.
1173 2815 1312 2897 plerique

168 2919 367 2984 idololatrian
395 2920 577 3003 simpliciter
604 2921 784 2984 existimant
806 2920 855 2983 his
884 2919 958 2984 solis
982 2919 1082 2983 modis
1105 2919 1313 3000 interpretan-

125 3086 130 3096 ,
168 3022 251 3103 dam,
276 3024 305 3087 si
327 3024 395 3105 quis
418 3027 472 3088 aut
494 3024 640 3089 incendat
662 3027 718 3088 aut
731 3024 876 3088 immolet
897 3027 952 3087 aut
967 3023 1124 3106 polluceat
1146 3025 1201 3086 aut
1215 3022 1312 3086 sacris

168 3127 327 3209 aliquibus
351 3132 405 3193 aut
428 3129 608 3193 sacerdotiis
632 3127 797 3212 obligetur,
821 3127 1085 3209 quemadmodum
1106 3128 1134 3192 si
1156 3128 1225 3208 quis
1248 3127 1311 3190 exi·
1338 3143 1364 3182 2⁵

167 3231 277 3295 stimet
301 3232 490 3297 adulterium
512 3232 545 3296 in
565 3233 682 3296 osculis
706 3236 737 3297 et
757 3232 791 3295 in
807 3230 1002 3313 amplexibus
1026 3231 1103 3295 etin
1118 3231 1187 3312 ipsa
1210 3231 1311 3294 carnis

166 3335 388 3420 congressione
404 3337 595 3400 censendum
618 3338 673 3400 aut
694 3335 897 3400 homicidium
919 3335 952 3398 in
967 3335 1035 3398 sola
1057 3334 1218 3417 sanguinis
1241 3352 1311 3416 pro·

166 3439 292 3504 lusione
316 3443 348 3504 et
369 3440 402 3504 in
424 3441 547 3504 animae
570 3440 727 3523 ereptione
750 3439 969 3522 reputandum.
1000 3439 1143 3517 atenim,
1166 3438 1339 3506 dominuse

165 3563 262 3625 quam
292 3545 461 3629 ,estensius
488 3545 550 3608 ista
576 3545 736 3627 disponat,
767 3544 845 3608 certi
871 3562 995 3623 sumus,
1023 3561 1094 3606 cum
1121 3543 1310 3607 adulterium

166 3649 263 3712 etiam
291 3649 325 3713 in
352 3649 620 3735 concupiscentia
646 3648 805 3732 designat,
836 3648 862 3711 si
892 3648 1017 3712 oculum
1047 3648 1117 3729 quis
1143 3647 1311 3731 impegerit
1336 3664 1363 3704 ³0

210 3875 222 3928 l
244 3873 280 3927 ad
300 3871 416 3941 aliquem
435 3873 468 3926 ad
486 3874 522 3941 A,
541 3872 575 3926 ad
593 3872 710 3941 aliquem
728 3874 755 3926 B
827 3873 843 3926 2
866 3870 976 3940 perinde
994 3873 1107 3940 scripsi:
1124 3870 1235 3940 proinde
1253 3873 1309 3926 AB

165 3959 350 4013 conditionem
367 3962 395 4014 A
413 3961 453 4016 sa‘c
469 3962 525 4028 scre
542 3976 645 4029 semper
715 3960 898 4027 repraesentat
916 3959 971 4013 AB
1040 3961 1058 4012 4
1080 3958 1263 4026 sollempnitas
1281 3961 1308 4012 A

165 4045 369 4101 8mendatium
387 4048 414 4101 A
474 4048 506 4102 10
525 4045 754 4115 depraehendatur
771 4047 799 4100 A
858 4048 889 4101 11
909 4044 1049 4098 dominum
1066 4046 1094 4099 B
1148 4044 1309 4100 131101011-

164 4133 246 4186 triam
259 4135 288 4187 B
306 4134 529 4203 sicsercsempcr
574 4136 606 4189 17
624 4135 786 4186 remaneant.
807 4130 963 4186 Idololatria
979 4133 1006 4186 A
1053 4133 1085 4186 19
1104 4131 1231 4185 diffundit
1248 4133 1306 4199 Urs,

163 4220 233 4291 Rip.-
252 4218 379 4273 defundit
396 4221 452 4275 AB
509 4223 543 4275 23
561 4220 714 4274 existimant
731 4219 773 4272 his
791 4220 827 4286 B,
846 4219 1027 4272 existimantes
1045 4220 1073 4273 A
1130 4219 1307 4288 interpretan-

165 4305 226 4360 dam
239 4309 268 4362 A
313 4309 348 4362 24
361 4307 466 4375 quidA
511 4306 645 4376 polluceat
657 4307 743 4361 Pam:
760 4305 966 4374 proluceatAB
1014 4308 1047 4361 25
1060 4306 1307 4376 sacerdotiisqu,

74 4393 79 4400 '
165 4392 350 4447 sacerdotibus
368 4395 426 4448 AB
