3200 5034
398 436 445 490 IX.
465 436 509 489 De
527 436 651 490 ieiunio
670 436 828 491 aduersus
846 437 1020 506 psychicos
1040 440 1115 493 1-2.
1265 437 1329 502 275

185 612 402 695 monogamiae
425 612 649 677 defensionem.
688 632 772 677 nunc
795 614 833 677 de
853 613 1058 697 castigatione
1075 614 1177 677 uictus
1193 614 1330 677 secunda

184 716 236 779 1101
266 717 367 799 magis
396 716 499 798 prima
528 717 738 781 continentiae
761 734 868 802 pugna
892 721 948 782 est.
987 722 1124 802 arguunt
1151 736 1217 797 nos,
1248 719 1329 800 quod
1412 710 1417 718 “

183 820 299 884 ieiunia
320 821 445 904 propria
460 822 683 902 custodiamus,
707 822 789 904 quod
806 824 954 887 stationes
970 823 1154 905 plerumque
1171 823 1202 885 in
1219 841 1329 905 uespe-

183 942 252 988 ram
275 926 495 1007 producamus
519 926 601 1008 quod
622 926 938 1016 ctiamflxerophagias
955 927 1158 991 obseruemus
1176 928 1329 991 siccantes

185 1029 291 1093 cibum
314 1029 354 1093 ab
377 1030 463 1093 omni
486 1048 579 1094 carne
603 1033 635 1095 01
657 1031 744 1095 omni
759 1031 930 1095 iurulentia
946 1035 978 1095 01
991 1031 1183 1096 uuidioribus
1200 1030 1330 1114 quibus·
1370 1060 1381 1098 1

184 1152 243 1214 que
258 1134 361 1217 pomis
377 1152 435 1198 nec
450 1134 524 1215 quid
539 1135 721 1199 uinositatis
737 1136 789 1199 uel
806 1136 935 1200 edamus
956 1136 1007 1200 1101
1027 1139 1187 1219 potemus;
1211 1136 1330 1200 lauacri

184 1255 307 1319 quoque
346 1236 584 1319 abstinentiam,
623 1243 848 1323 congruentem
884 1240 968 1304 arido
1003 1240 1108 1305 uictui.
1155 1241 1330 1304 nouitatem

183 1342 278 1425 igitur
301 1341 468 1423 obiectant,
492 1344 529 1407 de
553 1342 641 1407 cuius
664 1343 783 1407 inlicito
805 1343 1023 1425 praescribant
1046 1347 1099 1409 aut
1122 1340 1267 1409 haeresin
1282 1345 1330 1407 iu-

184 1446 359 1527 dicandam,
390 1448 418 1511 si
447 1448 587 1512 humana
607 1448 822 1531 praesumptio
847 1453 904 1528 cst,
936 1452 991 1513 aut
1013 1448 1330 1532 pseudoprophetiam

182 1551 458 1633 pronuntiandam,
482 1552 510 1616 si
531 1552 680 1635 spiritalis
703 1552 830 1617 indictio
854 1556 911 1633 est,
936 1553 1011 1616 dum
1035 1571 1157 1635 quaque
1182 1572 1217 1617 01
1240 1556 1329 1635 parte
1358 1581 1382 1619 ιο

184 1656 354 1719 anathema
376 1656 551 1737 audiamus,
576 1656 630 1738 qui
654 1657 745 1721 aliter
768 1657 1002 1721 adnuntiamus

226 1757 257 1823 2.
280 1758 364 1824 Nam
387 1761 470 1843 quod
493 1761 532 1825 ad
554 1761 671 1826 ieiunia
693 1762 858 1845 pertineat,
882 1765 984 1825 certos
1008 1762 1074 1826 dics
1098 1780 1117 1825 a
1140 1761 1196 1826 deo
1213 1761 1330 1825 consti-

183 1866 268 1929 tutos
292 1868 463 1948 opponunt,
495 1868 530 1929 ut
559 1884 631 1930 cum
654 1867 686 1930 in
709 1866 851 1930 Leuitico
874 1866 1027 1949 praecipit
1057 1866 1202 1930 dominus
1226 1866 1329 1949 Moysi

183 1968 338 2033 decimam
368 1969 484 2033 mensis
516 1970 641 2052 septimi
672 1969 754 2034 diem
778 1970 973 2053 placationis
1005 1974 1150 2049 sancta,
1173 1970 1328 2051 inquiens,

182 2073 256 2137 erit
278 2072 386 2137 uobis
410 2074 503 2154 dies,
527 2078 564 2139 et
585 2073 775 2139 uexabitis
799 2075 941 2139 animas
964 2078 1127 2155 uestras,
1152 2076 1187 2137 01
1210 2074 1328 2137 omnis
1357 2100 1381 2140 15

182 2178 319 2258 anima,
344 2196 436 2259 quae
459 2182 595 2243 uexata
617 2197 689 2243 non
712 2179 888 2243 fueritin
911 2179 980 2243 illa
1002 2180 1075 2259 die,
1108 2178 1328 2242 extermina-

181 2281 283 2346 bitur
314 2283 356 2346 de
386 2284 522 2365 populo
552 2301 626 2348 suo.
666 2287 750 2347 certe
780 2285 813 2347 in
842 2284 1004 2367 euangelio
1026 2284 1096 2347 illos
1120 2283 1185 2345 dies
1207 2283 1328 2347 ieiuniis
1399 2328 1402 2335 ·

182 2386 406 2451 determinatos
437 2391 560 2470 putant,
591 2388 623 2451 in
655 2386 769 2469 quibus
800 2387 924 2451 ablatus
957 2391 1005 2452 est
1035 2405 1178 2469 sponsus,
1211 2390 1242 2451 01
1271 2387 1327 2450 hos

182 2509 251 2554 esse
267 2490 331 2555 iam
345 2492 428 2556 solos
443 2491 602 2574 legitimas
619 2491 806 2558 ieiuniorum
823 2492 1080 2556 Christianorum·
1096 2491 1219 2555 abolitis
1243 2491 1329 2574 lega-

181 2593 265 2658 libus
288 2598 320 2659 et
341 2595 531 2678 propheticis
554 2596 775 2660 uetustatibus.
816 2595 870 2659 ubi
886 2597 997 2660 uolunt
1013 2596 1108 2676 enim,
1133 2596 1328 2678 adgnoscunt
1355 2623 1380 2661 10

181 2698 257 2779 quid
285 2699 387 2782 sapiat
408 2700 466 2763 101
490 2702 526 2763 01
547 2700 754 2783 prophetae
777 2718 893 2782 usque
917 2700 960 2763 ad
982 2700 1198 2764 Iohannem.
1224 2700 1327 2781 itaque

181 2802 220 2865 de
243 2806 345 2867 001010
368 2802 582 2868 indifferenter
604 2804 808 2867 ieiunandum
833 2823 870 2868 01
893 2803 1031 2885 arbitrio,
1055 2822 1116 2868 non
1141 2823 1175 2867 01
1197 2804 1327 2885 imperio

181 2924 281 2971 nouae
302 2907 495 2990 disciplinae,
518 2925 573 2990 pro
597 2908 791 2992 temporibus
816 2912 848 2973 et
870 2908 973 2972 causis
997 2909 1256 2990 uniuscuiusque;
1282 2908 1326 2971 sic

182 3013 214 3074 01
237 3011 395 3093 apostolos
418 3010 614 3091 obseruasse,
644 3012 769 3075 nullum
791 3012 877 3075 aliud
907 3012 1105 3094 imponentes
1127 3012 1237 3095 iugum
1261 3031 1326 3075 cer-

181 3118 286 3179 torum
306 3115 385 3179 etin
401 3132 568 3180 commune
585 3116 731 3181 omnibus
747 3116 962 3180 obeundorum
978 3116 1173 3197 ieiuniorum,
1197 3117 1326 3199 proinde
1353 3143 1378 3181 25

181 3237 239 3283 nec
262 3220 444 3300 stationum,
467 3238 547 3301 quae
571 3223 603 3283 et
624 3220 712 3302 ipsae
731 3238 805 3284 suos
822 3221 946 3302 quidem
963 3220 1027 3284 dies
1043 3220 1182 3285 habeant
1198 3225 1325 3302 quartae

181 3323 277 3387 feriae
301 3328 333 3388 et
355 3327 471 3404 sextae,
494 3325 620 3406 passiue
643 3327 751 3389 tamen
775 3328 911 3405 currant,
939 3344 1038 3406 neque
1063 3325 1120 3389 sub
1144 3326 1213 3408 lege
1236 3344 1326 3408 prae-

181 3428 264 3509 cepti
286 3447 387 3510 neque
410 3430 493 3493 ultra
515 3448 696 3512 supremam
715 3430 786 3510 diei,
811 3430 1326 3511 0110111001010110101101011010

181 3550 265 3596 noua
292 3532 457 3598 concludat
485 3534 522 3596 de
545 3533 632 3598 Petri
654 3534 807 3617 exemplo,
835 3535 917 3615 quod
939 3533 1028 3598 Actis
1050 3534 1192 3597 refertur.
1239 3551 1326 3598 1010-

180 3637 312 3719 phagias
340 3655 414 3714 uero
437 3655 554 3701 nouum
578 3638 727 3702 adfectati
749 3638 844 3701 officii
867 3656 982 3701 nomen
1006 3640 1037 3701 01
1058 3638 1233 3720 proximum
1258 3637 1325 3701 eth·
1352 3664 1378 3703 1ο

181 3742 268 3805 nicae
284 3742 506 3824 superstitioni,
528 3743 635 3824 quales
651 3742 854 3807 castimoniae
871 3741 977 3825 Apim,
993 3742 1109 3805 Isidem
1126 3746 1157 3805 et
1172 3742 1324 3825 Magnam

287 3896 331 3966 14]
345 3896 573 3965 1011010111.
587 3899 681 3962 eamr.
734 3897 1177 3966 11]110101011011111.
1231 3896 1276 3965 10]
1291 3895 1324 3950 cr.

180 3984 239 4038 aas.
254 3986 278 4048 a,
293 3987 315 4039 1.

226 4123 375 4180 lsecunda
398 4125 463 4179 Urs:
490 4124 620 4177 secundae
639 4125 666 4178 Β
736 4123 858 4192 2prima
880 4126 945 4179 Urs:
962 4122 1064 4191 primae
1082 4124 1108 4176 Β
1180 4125 1195 4177 6
1217 4139 1249 4175 ne
1268 4124 1325 4178 Lot

179 4215 197 4267 8
223 4211 355 4265 haeresim
382 4213 410 4264 Β
482 4214 514 4266 lo
541 4226 646 4279 quaqua
673 4210 696 4265 G
765 4213 797 4265 13
820 4210 889 4263 111011
914 4211 964 4264 eet
1034 4212 1067 4264 22
1095 4209 1247 4262 differenter
1269 4211 1325 4279 Rip

179 4300 213 4352 27
232 4298 337 4366 passiue
356 4298 419 4353 cer:
436 4297 536 4366 passim
554 4299 581 4351 Β
635 4298 822 4351 01110111ζὲ01.Ι
840 4300 952 4350 currunt
969 4297 996 4350 Β
1049 4298 1082 4353 28
1101 4313 1252 4365 supremam
1273 4296 1325 4349 diei

182 4385 246 4439 Ger.-
263 4401 389 4452 suprema
406 4384 489 4437 iudici
507 4386 534 4438 Β
587 4387 621 4439 30
640 4384 757 4436 affectati
778 4386 842 4438 cer:
861 4384 958 4437 adiecti
977 4385 1004 4437 Β

1121 4471 1167 4521 18*
