3200 5034
291 400 352 463 198
520 397 635 463 Quinti
653 396 790 465 Septimi
809 396 977 450 Florentis
997 394 1198 448 Tertulliani

290 581 322 641 et
345 576 478 660 Spiritus
501 573 621 649 Sancti;
651 574 786 657 exceptis
814 572 922 655 ntique
944 571 1093 655 legitimis
1117 570 1323 649 orationibus,
1350 586 1426 650 qnae

290 682 358 745 sine
389 682 454 744 ulla
480 678 692 743 admonitione
719 678 871 742 debentur
894 677 1038 761 ingressu
1064 676 1142 739 lucis
1167 678 1198 738 et
1220 674 1328 738 noctis.
1374 673 1426 737 sed

290 789 322 849 et
344 784 449 849 eibum
472 801 534 848 non
553 784 639 865 prins
663 802 787 847 sumere
811 785 841 845 et
860 782 1022 846 laneorum
1042 798 1104 845 non
1124 780 1210 863 prius
1232 780 1315 843 adire
1334 796 1426 860 quam

290 889 476 972 interposita
502 888 640 953 oratione
667 888 774 951 fideles
803 886 900 950 decet.
947 886 1050 969 priora
1077 885 1161 949 enim
1187 883 1331 948 habendo
1357 886 1427 947 sunt

252 1021 264 1059 e
292 994 418 1075 spiritus
440 993 600 1076 refrigeria
622 995 654 1056 et
673 991 790 1074 pabula
813 1009 907 1073 quam
930 990 1043 1071 carnis,
1066 990 1139 1072 quie
1160 990 1262 1072 priora
1284 988 1429 1052 caelestia

290 1117 384 1180 quam
407 1102 540 1162 terrena.

334 1200 384 1266 26,
416 1202 559 1266 Fratrem
590 1201 716 1265 domum
747 1204 836 1264 tuam
865 1201 1093 1283 introgressum
1125 1218 1163 1263 ne
1195 1199 1262 1262 sine
1292 1198 1428 1262 oratione
1497 1216 1499 1220 ·

291 1307 444 1370 dimiseris
460 1305 622 1388 (uidisti,
637 1305 748 1386 inquit,
764 1305 935 1384 fratrem,
952 1304 1084 1367 uidisti
1101 1302 1286 1367 dominum
1302 1301 1427 1384 tuum),

291 1411 427 1475 maxime
454 1411 624 1489 aduenam,
652 1428 692 1473 ne
720 1410 850 1493 angelus
878 1409 957 1473 forte
985 1408 1035 1472 sit.
1082 1407 1138 1471 sed
1159 1426 1217 1471 nec
1239 1407 1305 1489 ipse
1328 1425 1347 1470 a
1368 1406 1428 1469 tra-

241 1544 265 1579 10
292 1516 390 1580 trihus
427 1517 573 1597 exceptus
607 1514 710 1596 priora
743 1513 853 1577 fecerit
886 1512 1048 1595 refrigeria
1081 1515 1204 1576 terrena
1233 1510 1426 1575 caelestibus.

292 1620 399 1684 statim
430 1619 514 1682 enim
544 1619 731 1682 iudicabitur
761 1617 838 1682 hdes
868 1621 931 1681 tua.
986 1620 1041 1681 aut
1073 1617 1227 1698 quomodo
1261 1616 1429 1680 secundum

290 1726 494 1808 praeceptum
520 1741 588 1805 par
615 1723 701 1786 huie
729 1723 852 1787 domui
875 1722 974 1802 dices,
1002 1721 1064 1786 nisi
1087 1724 1118 1785 et
1141 1722 1184 1785 eis
1208 1720 1317 1803 quiin
1340 1720 1428 1783 domo

292 1831 366 1892 sunt
389 1846 498 1910 pacem
521 1830 663 1891 mutuam
687 1827 820 1890 reddas?

335 1929 385 1996 27.
431 1932 650 2015 Diligentiores
673 1932 706 1995 in
729 1931 845 1995 orando
870 1929 1057 2014 subiungere
1079 1931 1113 1994 in
1136 1928 1326 1994 orationibus
1346 1927 1430 1992 Alle-

241 2062 266 2100 15
292 2037 358 2100 luia
385 2037 486 2099 solent
517 2039 548 2099 et
578 2035 636 2099 hoc
667 2055 766 2119 genus
795 2036 934 2117 psalmos
966 2052 1098 2117 qnorum
1128 2034 1275 2099 clausulis
1306 2052 1430 2116 respon-

293 2141 387 2205 deant
408 2140 460 2222 qui
483 2139 576 2203 simul
597 2142 679 2203 sunt.
719 2142 751 2203 et
771 2142 820 2203 est
840 2140 995 2223 optimum
1015 2140 1122 2221 utique
1142 2139 1324 2202 institutum
1344 2156 1431 2202 omne

294 2245 375 2326 quod
401 2244 618 2325 praeponendo
650 2247 681 2308 et
707 2244 886 2308 honorando
914 2244 971 2307 deo
999 2244 1136 2326 conpetit
1164 2246 1335 2307 saturatam
1366 2259 1431 2305 ora·

292 2349 410 2413 tionem
432 2348 520 2412 uelut
542 2348 681 2429 opimam
703 2349 839 2412 hostiam
864 2348 1039 2413 admouere.
1459 2426 1462 2431 ¹

336 2450 387 2515 28.
411 2453 498 2516 Haeo
527 2455 574 2516 est
602 2453 685 2515 enim
713 2453 817 2517 hostia
844 2453 991 2535 spiritaHs
1020 2470 1098 2533 quae
1124 2452 1257 2534 pristinu
1285 2450 1432 2515 sacrificia

243 2582 269 2621 eo
294 2557 418 2621 deleuit.
472 2574 540 2638 quo
567 2556 672 2637 mihi,
702 2558 818 2638 inquit,
850 2556 1134 2620 multitudinem
1161 2556 1431 2620 sacrificiorum

293 2662 525 2725 uestrorum?
569 2661 703 2743 plenus
727 2680 806 2724 sum
829 2661 1194 2725 holocaustomatum
1218 2660 1375 2724 arietum
1398 2662 1431 2723 et

295 2765 437 2846 adipem
466 2782 644 2846 agnorum
674 2766 709 2827 et
732 2766 952 2847 sanguinem
976 2769 1167 2829 taurorum
1191 2768 1227 2829 et
1248 2765 1429 2829 hircorum

294 2869 387 2932 nolo.
433 2868 516 2949 quis
548 2868 645 2931 enim
673 2868 875 2950 requisiuit
901 2869 973 2931 ista
1001 2870 1043 2932 de
1074 2869 1244 2933 manibus
1273 2868 1429 2933 uestris?
1454 2914 1457 2923 .

294 2991 373 3054 quae
402 2991 474 3056 ergo
502 2973 671 3054 quaesierit
698 2973 773 3036 deus
803 2973 1001 3055 euangelium
1029 2974 1127 3037 docet.
1176 2975 1303 3038 ueniet
1332 2974 1430 3051 hora,

243 3101 269 3141 25
295 3077 411 3158 inquit,
439 3095 520 3140 oum
547 3078 626 3140 ueri
654 3077 871 3140 adoratores
899 3076 1108 3141 adorabunt
1134 3081 1277 3160 patrem
1303 3078 1341 3141 in
1364 3076 1432 3159 spi-

295 3182 372 3244 ritu
402 3184 437 3244 et
466 3182 638 3244 ueritate.
685 3182 774 3244 deus
798 3182 895 3244 enim
919 3182 1075 3264 spiritus
1104 3185 1173 3262 est,
1202 3186 1233 3245 et
1261 3183 1431 3246 adoratores

208 3293 210 3296 ’
294 3287 399 3367 itaque
422 3288 500 3350 tales
524 3287 662 3368 requirit.
702 3304 758 3349 nos
779 3305 887 3350 sumus
908 3287 975 3349 ueri
996 3288 1173 3351 adoratores
1194 3291 1225 3351 et
1244 3286 1310 3350 ueri
1334 3304 1433 3350 sacer-

296 3391 394 3469 dotes,
416 3390 469 3471 qui
490 3392 600 3471 spiritu
620 3395 743 3455 orantes
761 3392 870 3473 spiritu
887 3390 1097 3455 sacrificamus
1113 3392 1284 3456 orationem
1299 3391 1432 3455 hostiam

296 3493 345 3556 dei
371 3494 528 3576 propriam
556 3497 587 3558 et
611 3495 848 3577 acceptabilem,
877 3513 971 3576 quarn
995 3495 1113 3560 scilicet
1134 3496 1312 3577 requisiuit,
1341 3513 1433 3576 quam

243 3623 269 3663 so
297 3596 357 3660 sibi
376 3598 542 3692 prospexit.
581 3600 663 3662 hane
683 3598 720 3662 de
740 3602 806 3663 toto
827 3600 918 3663 corde
939 3600 1094 3681 deuotam,
1118 3601 1178 3664 fide
1197 3603 1331 3682 pastam,
1355 3599 1434 3663 ueri-

401 3804 445 3872 12]
464 3804 527 3858 aue.
542 3809 582 3869 ro,
595 3809 620 3861 5.
670 3806 714 3874 ao]
732 3806 873 3870 13111.-
920 3806 965 3875 24]
984 3807 1134 3873 ronnas.
1184 3807 1229 3876 ee]
1248 3810 1264 3862 a
1282 3806 1432 3871 consur.

340 3997 356 4048 5
375 3994 448 4063 quia]
467 3998 494 4048 et
506 3997 680 4051 Macedoniae
734 3999 749 4050 7
768 3996 816 4049 DE
835 3978 911 4049 Fan
929 3997 1106 4052 DIGRESSV
1123 4000 1153 4053 D
1213 4002 1245 4054 lo
1263 4000 1385 4067 exceptus
1401 4015 1433 4053 a:

296 4082 395 4149 ereptis
413 4083 450 4149 D,
469 4082 579 4134 exemtis
591 4084 765 4137 Muratora'ue
820 4086 851 4138 12
872 4083 952 4137 domu
969 4085 999 4138 D
1027 4134 1031 4142 ,
1060 4088 1092 4140 14
1110 4085 1158 4138 DE
1177 4083 1431 4140 SUBIUNGENDO

296 4166 438 4220 PSALMO
456 4168 486 4221 D
540 4172 571 4222 17
589 4170 760 4238 proponendo
779 4172 952 4227 Muratorias
1023 4173 1055 4227 18
1073 4172 1189 4241 opimam
1207 4192 1240 4228 oe:
1258 4172 1387 4241 optimam
1404 4172 1432 4225 D

298 4256 330 4307 19
353 4253 400 4306 Da
423 4252 554 4307 HOSTIA
578 4255 758 4308 SPIRITALI
777 4256 863 4321 cvm
881 4257 1001 4327 (repone
1019 4258 1121 4323 QVAE'
1144 4260 1280 4327 Oehleme)
1302 4257 1431 4312 ORATIO

298 4339 395 4393 SITD
447 4343 481 4395 22
500 4341 577 4410 adipe
595 4360 627 4396 ex
645 4342 726 4411 adipe
740 4344 787 4428 D!
823 4346 856 4399 24
875 4346 1102 4413 euuangeliumD
1156 4349 1189 4402 30
1208 4348 1347 4401 sastamD
1365 4350 1430 4403 cort.
