3200 5034
523 441 559 495 11.
579 441 624 494 De
642 440 836 494 idololatria
855 442 964 496 14-15.
1271 440 1312 503 47

124 637 141 696 J
170 620 307 698 strenae,
331 620 505 682 consonant
526 617 626 697 lusus,
648 616 794 680 conuiuia
816 618 1029 697 constrepunt.
1064 633 1082 679 o
1105 615 1215 679 mehor
1237 614 1314 678 fides

169 721 335 785 nationum
357 722 391 784 in
411 739 501 786 suam
517 723 646 800 sectam,
670 737 750 802 quae
766 720 886 785 nullam
903 719 1149 784 sollemnitatem
1166 718 1315 784 Christia-

169 843 285 890 norum
309 825 369 889 sihi
391 826 545 890 uindicat!
584 843 647 889 non
677 824 870 889 dominicum
896 824 990 905 diem,
1017 842 1080 889 non
1101 825 1315 906 pentecosten,

170 930 297 994 etiarnsi
320 933 459 1010 nossent,
483 930 646 994 nobiscum
669 929 970 1003 communicassent3
993 929 1142 994 timerent
1157 929 1252 1010 enim,
1276 947 1315 992 ne

171 1032 344 1098 Christiani
356 1034 546 1099 uiderentur.
571 1052 627 1098 nos
641 1052 680 1098 66
693 1033 811 1098 ethnici
822 1033 1069 1116 pronuntiemur,
1085 1050 1147 1098 non
1159 1051 1314 1097 ueremur.
1355 1051 1368 1092 s

169 1138 201 1201 si
224 1138 298 1219 quid
321 1142 351 1202 66
374 1139 460 1203 carni
482 1138 709 1222 indulgendum
733 1141 791 1218 666,
814 1137 923 1217 habes,
946 1156 1009 1202 666
1032 1139 1133 1203 dicam
1155 1141 1226 1203 tuos
1250 1137 1316 1202 dies

169 1244 309 1322 tantum,
332 1243 386 1306 sed
410 1246 442 1307 et
463 1244 578 1325 plures.
618 1261 692 1307 nam
720 1242 853 1307 ethnicis
876 1243 974 1306 semel
997 1260 1119 1307 annuus
1143 1243 1208 1306 dies
1230 1243 1316 1325 qnis-

170 1365 234 1428 qne
256 1347 355 1411 festus
380 1351 436 1427 est,
464 1346 521 1411 tibi
548 1350 657 1413 octauo
681 1365 804 1430 quoqne
831 1346 888 1410 die.
929 1365 1057 1429 excerpe
1084 1347 1224 1430 singulas
1255 1346 1316 1411 sol·

169 1451 355 1516 lemnitates
378 1452 541 1516 nationum
565 1455 596 1516 et
618 1452 651 1516 in
667 1452 808 1516 ordinem
825 1470 947 1516 exsere:
970 1454 1172 1534 pentecosten
1187 1452 1317 1534 implere

170 1574 238 1620 non
260 1559 415 1638 poterunt.
1344 1577 1368 1616 ιο

220 1658 269 1724 15.
299 1659 359 1725 Sed
385 1662 551 1742 luceant,
581 1662 694 1744 inquit,
724 1679 837 1744 opera
866 1664 1001 1726 uestra.
1043 1663 1077 1725 at
1102 1679 1186 1726 nunc
1211 1661 1317 1726 lucent

170 1764 325 1829 tabernac
355 1769 386 1830 et
411 1767 524 1830 ianuae
551 1770 685 1831 nostrae.
723 1767 829 1849 plures
858 1766 922 1830 iam
952 1765 1093 1831 inuenies
1123 1765 1317 1830 ethnicorum

169 1869 257 1934 fores
286 1869 352 1934 sine
379 1870 515 1934 lucernis
547 1873 579 1934 66
608 1870 732 1950 laureis
766 1888 862 1953 quam
892 1869 1150 1934 Christianorum.
1189 1871 1227 1934 de
1256 1870 1318 1933 ista

172 1991 298 2055 quoqne
322 1974 423 2056 specie
447 1975 521 2057 quid
543 1975 689 2039 uidetur?
720 1975 747 2040 si
768 1974 842 2039 idoli
856 1974 955 2039 honor
971 1978 1028 2054 666,
1050 1974 1116 2038 sine
1132 1974 1226 2038 dubio
1244 1974 1318 2038 idoli

171 2077 275 2142 honor
294 2078 469 2142 idololatria
492 2082 549 2143 est.
590 2079 763 2142 sihominie
779 2082 947 2159 66666666,
966 2079 1174 2162 recogitemus
1190 2096 1317 2143 omnem
1345 2097 1370 2138 6

171 2182 370 2246 idololatrian
392 2183 425 2246 in
448 2182 581 2246 hominis
605 2200 733 2247 causam
749 2201 826 2246 esse.
857 2183 1065 2266 recogitemus
1081 2200 1207 2247 omnem
1221 2183 1318 2247 idolo-

170 2286 288 2350 latrian
315 2287 346 2350 in
370 2286 512 2352 homines
541 2305 609 2351 6666
637 2287 803 2368 culturam,
834 2305 906 2350 curn
935 2288 1020 2368 ipsos
1050 2287 1124 2351 deos
1154 2287 1317 2352 nationum

171 2390 316 2453 homines
339 2393 421 2454 retro
448 2391 545 2454 inisse
573 2391 668 2455 etiam
697 2391 778 2472 apud
807 2409 880 2456 suos
903 2394 1033 2456 constet.
1075 2392 1181 2473 itaque
1211 2388 1316 2477 611611

56 2503 149 2559 6116
171 2494 315 2574 interest,
339 2495 504 2576 superioris
528 2513 568 2559 an
591 2495 682 2558 huius
707 2495 822 2559 saeculi
843 2495 917 2559 uiris
942 2496 1119 2578 superstitio
1142 2496 1203 2560 ista
1227 2513 1317 2577 prae·

172 2601 284 2662 stetur.
321 2598 496 2663 idololatria
518 2617 581 2664 666
602 2602 729 2680 propter
750 2616 913 2682 personae,
936 2618 1015 2682 qnae
1031 2603 1239 2682 opponuntm,
1262 2601 1317 2664 sed
1344 2621 1371 2660 eo

170 2706 301 2784 propter
324 2701 425 2767 officia
447 2703 508 2768 ieta
530 2703 679 2768 damnata
703 2707 760 2784 est,
788 2722 868 2786 6666
896 2704 936 2768 ad
958 2705 1127 2768 daemonas
1149 2706 1316 2786 pertinent.

171 2807 363 2871 reddenda
386 2811 472 2872 sunt
494 2807 646 2873 Caesari
674 2826 766 2890 quae
795 2812 883 2873 suut
911 2807 1093 2874 Caesaris.
1131 2809 1213 2874 bene
1236 2809 1318 2891 quod

172 2911 335 2993 apposuit:
360 2914 397 2975 et
419 2929 511 2994 quae
534 2915 621 2976 sunt
644 2912 702 2976 dei
724 2912 800 2976 (166.
839 2931 919 2995 quae
947 2932 1021 2996 ergo
1048 2916 1123 2978 6666
1151 2913 1317 2979 Caesaris?

173 3015 293 3079 scilicet
320 3015 357 3078 de
385 3015 497 3097 quibus
527 3019 603 3081 tuno
630 3017 816 3082 consultatio
844 3017 1040 3098 mouebatm,
1070 3018 1319 3099 praestandusne

173 3123 260 3184 esset
290 3137 401 3184 census
433 3118 559 3184 Caesari
589 3138 628 3184 66
660 3138 731 3185 666.
775 3120 844 3185 ideo
874 3124 905 3185 et
931 3125 1091 3186 monetam
1115 3123 1237 3186 ostendi
1259 3121 1319 3186 sibi
1344 3130 1370 3182 et

173 3225 320 3288 dominns
347 3225 517 3306 postulauit
544 3229 575 3289 et
602 3225 640 3288 de
666 3225 813 3308 imagine,
843 3226 931 3289 cuius
962 3228 1055 3306 esset,
1085 3227 1256 3309 requisiuit,
1288 3228 1319 3290 66

174 3347 249 3392 cnm
280 3328 418 3392 audisset
446 3327 598 3408 Caesaris,
629 3328 790 3408 reddite,
821 3329 873 3409 ait,
905 3347 997 3411 qnae
1028 3334 1114 3395 sunt
1146 3330 1318 3396 Caesaris

175 3432 343 3512 Caesari,
368 3435 517 3514 atquae
541 3433 812 3513 suntdeideo,
841 3433 874 3496 id
904 3437 952 3497 est
978 3434 1148 3517 imaginem
1176 3434 1318 3500 Caesaris

175 3536 313 3618 Caesari,
337 3555 417 3619 6666
444 3537 475 3602 in
498 3555 628 3602 nummo
656 3540 714 3618 est,
746 3541 777 3602 et
806 3538 977 3622 imaginem
1004 3538 1054 3602 dei
1080 3539 1149 3619 deo,
1180 3557 1260 3620 6666
1285 3540 1318 3602 in

174 3642 302 3705 homine
319 3645 377 3722 est,
393 3643 428 3705 66
444 3640 569 3706 Caesari
583 3641 708 3723 quidem
721 3643 886 3723 pecuniam
902 3642 1022 3723 reddas,
1035 3643 1093 3707 deo
1104 3644 1315 3725 temetipsum.
1344 3663 1371 3702 eo

282 3814 326 3883 11]
345 3813 443 3868 Meton.
463 3816 542 3878 616.
597 3813 642 3882 22]
661 3814 759 3869 neten.
778 3817 822 3879 nn,
833 3818 875 3870 21.

221 3953 410 4009 lconuiuaA
423 3971 490 4009 cour.
543 3953 610 4007 fides
627 3970 677 4008 om.
691 3955 719 4008 A
770 3953 895 4008 ddicam
907 3972 958 4010 om.
971 3956 998 4009 A
1048 3956 1109 4008 6666
1127 3955 1161 4023 Β,
1179 3957 1269 4008 tamen
1281 3955 1318 4022 A,

174 4057 236 4095 suos
263 4041 434 4104 Ciocconc'as,
462 4039 528 4094 (1666
551 4040 616 4109 Lot,
644 4042 734 4094 tantos
756 4043 889 4097 We'seowo
959 4044 975 4097 8
998 4040 1101 4095 festus.
1116 4083 1122 4096 .
1137 4041 1198 4095 .die
1220 4061 1271 4098 om.
1290 4044 1318 4096 A

173 4132 286 4182 octanns
309 4128 421 4196 quisque
440 4126 496 4180 dies
518 4129 569 4182 Urs
640 4130 768 4182 9666666
791 4129 826 4197 A,
850 4145 924 4181 exere
946 4129 1026 4198 Bmp,
1049 4130 1106 4181 texe
1130 4131 1157 4183 B
1226 4131 1318 4198 pente·

173 4219 275 4270 oostem
298 4216 326 4269 B
399 4216 428 4269 ll
453 4229 546 4282 operae
564 4218 592 4268 A
662 4217 753 4267 uestra
775 4233 827 4270 om.
845 4216 873 4269 A
942 4215 1034 4268 lucent
1051 4216 1121 4270 Lot:
1138 4215 1246 4270 luceant
1263 4217 1318 4270 AB

175 4306 206 4358 12
219 4302 342 4356 inuenies
355 4302 382 4354 B
428 4303 459 4355 17
479 4317 539 4354 cum
557 4303 584 4354 66
595 4301 706 4369 ipsosA
747 4303 781 4356 20
794 4303 1033 4370 apponunturLat
1079 4304 1111 4356 21
1132 4301 1272 4355 daemones
1290 4303 1318 4356 B

171 4395 206 4447 25
225 4390 365 4445 etomA
418 4389 597 4444 assumere
