3200 5034
460 416 511 470 III.
531 415 579 469 Ad
598 414 748 468 nationes
766 411 820 467 lib.
839 411 854 465 1
873 412 983 467 18-19.
1251 406 1291 467 91

152 596 278 678 pepigit,
302 596 442 658 attamen
461 590 466 675 Ι
486 593 549 656 iam
571 591 652 675 ignis
675 590 875 670 contemptus
899 586 1010 665 euasit,
1034 603 1070 647 ex
1094 601 1155 665 quo
1171 602 1205 647 se
1222 582 1290 663 qui-

154 702 223 764 dam
249 699 387 781 proxime
415 696 612 762 uestiendum
639 691 816 780 incenldiali
844 692 951 756 tunica
973 690 1012 754 ad
1035 693 1155 753 certum
1179 706 1292 768 usque-

154 823 273 887 quaque
295 805 399 867 locum
427 801 611 867 auctorauit.
658 801 684 863 si
713 798 819 881 flagris
849 797 962 861 mulier
993 792 996 879 Ι
1027 793 1204 872 insultauit,
1236 792 1294 855 hoc
1376 829 1379 836 «

154 927 272 991 quoque
295 927 443 991 proxume
466 907 547 971 inter
570 904 747 969 uenatorios
770 903 877 967 ordine
904 905 1082 966 transcurso
1103 899 1107 980 Ι
1127 916 1291 963 remensus

154 1017 206 1093 est,
230 1016 266 1078 ut
289 1016 410 1077 taceam
434 1012 471 1075 de
495 1010 649 1075 Laconica
670 1009 778 1093 gloria.
1334 1027 1347 1066 1

196 1116 244 1181 19.
292 1117 474 1198 Hucusque,
509 1116 627 1197 opinor,
657 1112 812 1177 horrenda
839 1111 843 1192 Ι
871 1110 1117 1175 obstinationum
1145 1107 1295 1172 Christia-

153 1240 272 1286 narum.
340 1239 419 1303 quae
447 1221 475 1284 si
501 1220 665 1283 uobiscum
692 1217 972 1295 communicamus,
1007 1216 1149 1296 superest
1172 1209 1295 1297 lpdepi-

153 1328 251 1391 denda
273 1326 511 1410 persuasionum
531 1324 738 1389 conferamus.
777 1338 969 1403 quamquam
985 1320 1023 1382 de
1038 1316 1295 1402 persuasionibus

153 1432 250 1495 omnis
272 1429 276 1515 Ι
295 1431 482 1516 lobstinatio
506 1433 613 1494 nostra
635 1428 856 1512 praestruitur3
880 1430 1074 1490 mortuorum
1098 1424 1182 1487 enim
1204 1440 1295 1505 prae-

153 1537 306 1599 sumimus
329 1532 623 1619 resurqrecjtionem.
692 1551 763 1616 spes
786 1531 1021 1595 resurrectionis
1052 1529 1216 1593 fastidium
1246 1531 1295 1591 est
1323 1554 1348 1593 10

153 1640 271 1704 mortis,
338 1639 436 1702 ridete
468 1639 564 1722 igitur
592 1636 596 1717 Ι
622 1636 872 1722 Lquantumlibet
906 1634 1137 1717 stupidissimas
1171 1635 1294 1696 mentes

152 1763 227 1825 quae
252 1744 427 1808 moriuntur
450 1746 486 1807 ut
508 1743 627 1823 uiuant,
659 1742 714 1805 sed
737 1759 797 1822 quo
818 1742 822 1821 Ι
841 1740 983 1825 tfacilius
1005 1739 1134 1803 rideatis
1158 1741 1190 1801 et
1211 1755 1296 1801 reso-

151 1850 245 1912 lutius
270 1847 514 1926 decachinnetis,
539 1849 663 1928 arrepta
686 1846 816 1929 spongia
835 1846 887 1909 uel
909 1841 1049 1929 intenqta
1064 1844 1179 1928 lingua
1195 1842 1309 1906 delete

151 1954 269 2016 litteras
293 1952 419 2016 interim
442 1954 574 2031 uestras,
605 1969 685 2033 quae
709 1950 852 2013 similiter
875 1952 1058 2013 assederant
1077 1947 1082 2032 Ι
1101 1947 1241 2032 tanimas
1264 1947 1296 2008 in

152 2074 279 2138 corpora
301 2056 463 2120 redituras.
511 2058 650 2119 attamen
674 2057 791 2136 quanto
816 2052 1034 2135 acceptabilior
1058 2054 1164 2116 nostra
1183 2048 1188 2134 Ι
1207 2069 1297 2133 prae·
1324 2076 1349 2116 11

153 2161 290 2243 sumptio
315 2164 371 2240 est,
400 2160 535 2241 quaein
559 2159 667 2223 eadem
690 2176 819 2241 corpora
840 2158 995 2222 redituras
1019 2155 1180 2221 defendit?
1208 2155 1297 2219 uobis

153 2268 258 2329 autem
278 2263 283 2347 Ι
303 2268 438 2348 ἱ11111111
457 2264 570 2327 uanius
593 2264 745 2327 traditum
769 2267 817 2327 est
839 2263 974 2327 hominis
998 2262 1143 2344 spiritum
1165 2261 1197 2323 in
1220 2277 1297 2323 cane

152 2369 201 2433 uel
224 2370 312 2433 mulo
338 2372 391 2433 ant
413 2365 552 2453 pauolpne
574 2368 779 2452 reditupum?
810 2368 887 2431 item
909 2367 1057 2431 iudicium
1073 2364 1297 2429 annuntiamus

153 2474 249 2537 adeo
273 2492 329 2556 pro
353 2474 502 2554 cuiusque
525 2473 646 2537 meritis
669 2477 740 2553 post
765 2469 769 2554 Ι
792 2472 973 2556 ι111111111111111
996 2471 1198 2534 destinatum.
1265 2468 1297 2531 id

151 2597 205 2641 uos
244 2578 347 2641 Minoi
384 2580 415 2640 et
452 2576 671 2641 Radamantho
709 2576 904 2656 adscribitiS,
949 2576 1078 2639 iustiore
1113 2573 1117 2656 Ι
1151 2572 1297 2657 ι11111111111
1323 2597 1350 2638 ro

151 2682 290 2747 Aristide
320 2685 472 2759 recusate,
542 2698 577 2745 eo
607 2681 721 2745 iudicio
750 2682 875 2762 iniquos
906 2684 1031 2744 aeterno
1061 2679 1138 2762 igni,
1167 2678 1234 2759 pios
1267 2680 1298 2741 et

151 2784 310 2871 insculptos
335 2804 475 2871 amoenoj
505 2786 538 2849 in
561 2786 628 2849 loco
652 2785 784 2849 dicimus
807 2786 1050 2867 perpetuitatem
1072 2785 1296 2847 transacturos,

152 2892 231 2973 apud
256 2908 313 2954 uos
341 2889 345 2973 Ι
371 2908 513 2975 LquoqueJ
532 2890 842 2973 Pyriphlegethontis
866 2894 898 2953 et
916 2889 1015 2972 Elysii
1037 2908 1099 2953 nou
1123 2888 1201 2952 alias
1225 2905 1297 2950 con-

86 2996 228 3059 tradicio
256 2994 438 3078 disponitur.
456 2992 464 3079 ΙΙ
484 3012 542 3058 nec
565 2995 696 3077 mythici
719 3013 754 3057 ac
776 2994 890 3075 poetici
913 2994 971 3058 soli
993 2994 1071 3058 talia
1093 2995 1219 3072 canunt,
1243 2991 1298 3055 sed

86 3136 88 3141 ’
193 3148 362 3205 5Laconica
379 3150 449 3219 Rip:
467 3148 585 3202 celonica
602 3151 629 3203 A
687 3148 861 3204 duobiscum
882 3150 967 3205 Goth:
984 3147 1127 3203 nobiscum
1143 3148 1170 3202 A
1229 3146 1297 3200 deri-

151 3235 237 3290 denda
260 3236 332 3291 Goth
403 3236 643 3304 8persuasionum
665 3238 779 3306 scripsi:
800 3251 975 3305 personarum
998 3236 1025 3290 A
1096 3251 1247 3304 quanquam
1270 3236 1298 3289 A

150 3326 165 3379 9
184 3322 334 3377 obstinatio
355 3323 427 3378 Goth
499 3325 531 3377 10
549 3323 773 3376 resurrectionum
794 3323 867 3378 Goth
938 3325 969 3377 ll
989 3321 1206 3392 quantumlibet
1225 3322 1297 3378 Goth

151 3412 181 3465 12
206 3408 315 3463 facilius
341 3410 413 3464 Goth
478 3411 510 3465 13
534 3408 732 3464 decachinnetis
755 3411 782 3463 A
848 3425 965 3479 spongea
986 3412 1014 3464 A
1077 3410 1182 3462 intenta
1205 3409 1298 3477 lingna

149 3498 311 3553 Harteliusr
332 3496 402 3550 inter
416 3539 502 3551 .....
516 3512 569 3565 gua
594 3497 628 3559 A,
656 3496 727 3549 inter
747 3540 751 3550 .
770 3539 776 3550 .
795 3496 889 3564 lingua
913 3497 1006 3564 Germ,
1033 3496 1104 3549 inter
1124 3539 1129 3549 .
1149 3538 1154 3550 .
1175 3538 1181 3549 .
1201 3539 1206 3549 .
1226 3512 1298 3564 ngua

53 3630 55 3635 ,
149 3583 242 3652 Η111ξ
267 3584 379 3636 interim
396 3583 489 3652 lingua
505 3584 569 3653 Rip,
592 3584 693 3637 interea
714 3582 809 3652 lingua
828 3585 907 3650 Goth,
930 3583 1032 3637 intensa
1052 3583 1145 3651 lingna
1167 3585 1298 3639 Wicsowo

151 3673 183 3725 14
195 3671 301 3724 animas
316 3670 401 3725 Goth:
415 3713 419 3722 .
434 3672 560 3739 ....sA,
581 3688 694 3725 .....as
705 3670 784 3739 Bao,
798 3670 884 3724 Η1111*
927 3673 958 3725 17
972 3673 1071 3738 quanto
1086 3671 1158 3726 Goth
1206 3673 1238 3727 18
1250 3687 1297 3739 pa-

149 3775 215 3811 uone
235 3757 389 3811 rediturum
404 3757 490 3813 Gella:
507 3774 576 3826 pauo
590 3800 735 3811 ........
748 3774 809 3810 rum
827 3758 854 3811 A
909 3760 942 3812 19
959 3757 1100 3810 interitum
1119 3758 1205 3813 Gella:
1223 3759 1254 3811 r'o
1269 3758 1297 3810 A

150 3845 593 3899 m.receatissioauidcmrestituit
646 3847 680 3899 20
692 3844 800 3897 iuterim
813 3845 882 3914 Ray:
900 3886 1007 3898 ......
1020 3845 1048 3897 A
1049 3886 1196 3912 ........
1212 3843 1297 3899 Gora*

150 3934 181 3986 22
204 3932 327 3984 insontes
353 3946 463 3984 amoeno
488 3931 573 3986 Gora:
594 3932 666 3985 idem
688 3932 806 3998 (ameno)
826 3933 945 3986 restituat
963 3932 1055 3985 eadem
1072 3933 1124 3985 ille
1141 3949 1239 3985 noceas
1256 3948 1296 3985 re·

150 4016 530 4085 conticebancc'aAinson
550 4060 746 4071 .........
769 4019 796 4071 A
868 4019 1296 4082 23........A‚......e

149 4105 225 4169 Bao,
246 4118 433 4171 ...quoque
448 4104 541 4171 coto,
562 4147 688 4159 .......
709 4120 812 4171 quoque
831 4105 894 4174 Rip,
913 4104 986 4158 locus
1009 4120 1112 4172 quoque
1136 4105 1216 4171 Gora,
1239 4120 1296 4157 sors

149 4207 252 4259 quoquc
273 4192 314 4246 M.
334 4192 541 4247 Klocsoaoaaos
605 4191 818 4259 pyriflegetontis
840 4193 868 4246 A
924 4191 989 4244 alias
1013 4191 1132 4244 condicio
1158 4192 1297 4247 chlcros:

150 4277 212 4331 alias
230 4278 332 4331 indicio
346 4279 381 4345 A,
401 4277 453 4330 alia
470 4276 586 4331 conditio
605 4279 668 4347 Rip,
687 4278 751 4331 alias
769 4278 868 4331 iudicio
886 4279 927 4333 M.
938 4280 1144 4334 Kluesmaoaos
1197 4280 1231 4333 24
1248 4294 1295 4347 po-

150 4365 209 4419 etici
231 4366 318 4421 Goth:
341 4363 423 4431 petici
441 4364 467 4417 A
