3200 5034
276 443 319 506 34
508 442 623 508 Quinti
641 442 780 511 Septimi
797 442 969 496 Florentio
988 441 1189 496 Tertulliani

275 619 410 697 testes,
438 618 492 698 ait,
519 636 583 682 uos
613 618 721 698 estis,
749 619 780 682 si
807 621 865 682 est
891 618 981 681 deus
1009 617 1149 698 absque
1177 635 1241 680 me.
1288 620 1324 680 et
1346 633 1419 680 non

275 723 383 786 erant
405 724 493 786 tunc
516 722 579 804 qui
601 722 753 806 fingunt
776 726 813 786 et
835 722 1053 804 exculpunt,
1080 738 1207 784 omnes
1229 720 1331 800 uani,
1353 720 1419 802 qui

273 825 420 890 faciunt
439 826 549 890 libita
565 826 651 906 sibi,
675 843 766 908 qnae
783 827 864 890 illis
879 843 951 889 non
970 826 1185 909 proderunt.
1224 828 1255 889 et
1270 825 1417 907 deinceps

273 932 341 994 tota
362 930 418 994 illa
438 931 651 1013 pronuntiatio
674 948 769 1013 quam
792 930 937 1010 artifices,
961 948 1056 1011 quam
1079 931 1212 993 cultores
1233 929 1416 993 detestatur.

234 1052 247 1092 s
274 1035 361 1098 cuius
377 1033 517 1100 clausula
533 1039 596 1099 est:
629 1036 862 1119 cognoscite,
886 1034 981 1117 quod
999 1035 1094 1098 cinis
1115 1035 1166 1098 sit
1181 1051 1242 1098 cor
1264 1034 1417 1099 illorum

273 1142 310 1203 et
332 1144 447 1220 terra,
471 1144 507 1204 et
530 1158 635 1204 nemo
660 1140 820 1206 animam
848 1157 953 1203 suam
975 1138 1139 1203 liberare
1162 1139 1292 1222 possit.
1316 1140 1337 1220 †
1360 1137 1416 1200 ubi

272 1262 370 1325 aeque
397 1244 500 1309 Dauid
528 1248 559 1308 et
584 1244 728 1308 factores.
775 1244 872 1308 tales
903 1245 1012 1324 fiant,
1040 1243 1153 1324 inquit,
1180 1243 1242 1325 qui
1270 1243 1417 1308 faciunt

272 1366 321 1412 ea.
368 1352 400 1412 et
426 1349 500 1431 quid
523 1367 590 1432 ego,
614 1349 753 1413 modicae
777 1349 946 1413 memoriae
969 1347 1074 1427 bomo,
1098 1348 1182 1411 ultra
1203 1348 1279 1429 quid
1301 1365 1416 1430 sugge-

271 1456 363 1517 ram?
394 1453 468 1534 quid
491 1454 625 1517 recolam
647 1453 684 1516 de
706 1453 890 1534 scripturis?
922 1453 1012 1534 quasi
1034 1455 1089 1516 aut
1111 1470 1174 1516 non
1198 1450 1332 1515 sufficiat
1354 1469 1415 1515 uox

220 1575 245 1613 1⁰
271 1557 399 1639 spiritus
416 1559 516 1622 sancti
535 1561 589 1621 aut
608 1559 692 1621 ultra
707 1557 945 1622 deliberandum
968 1557 1018 1636 sit,
1042 1575 1082 1620 an
1105 1556 1300 1620 maledixerit
1320 1559 1415 1636 atque

271 1661 467 1726 damnauerit
490 1662 634 1726 domiuus
657 1662 740 1745 ipsos
763 1662 852 1744 prius
875 1661 1011 1725 artifices
1040 1679 1162 1740 eorum,
1192 1677 1325 1741 quorum
1348 1660 1416 1722 cul·

269 1768 352 1830 tores
375 1766 534 1830 maledicit
557 1770 589 1830 et
612 1766 761 1830 damnat?

312 1867 342 1933 5.
366 1871 464 1933 Plane
490 1871 662 1953 impensius
693 1870 889 1953 respondebo
920 1870 960 1934 ad
988 1870 1203 1934 excusationes
1233 1867 1415 1933 huiusmodi

270 1973 434 2054 artificum,
458 1992 535 2056 quos
551 1993 723 2057 numquam
746 1975 780 2038 iu
796 1975 924 2038 domum
942 1975 1004 2058 ¹dei¹
1024 1974 1148 2038 admitti
1163 1976 1286 2056 oportet
1301 1971 1413 2053 siquis

218 2093 244 2134 1⁵
271 2095 340 2141 eam
363 2078 560 2161 disciplinam
583 2080 672 2143 norit.
718 2080 782 2142 iam
809 2078 863 2142 illa
890 2079 978 2163 obpici
1006 2079 1102 2163 solita
1124 2097 1193 2157 uox,
1222 2095 1284 2141 non
1310 2075 1413 2140 habeo

271 2182 355 2245 aliud
370 2200 431 2264 quo
446 2182 562 2263 uiuam,
576 2183 747 2246 districtius
763 2184 922 2266 repercuti
935 2185 1058 2266 potest:
1079 2182 1186 2246 uiuere
1202 2199 1276 2264 ergo
1290 2179 1412 2243 habes?

180 2289 182 2295 “
271 2286 345 2367 quid
371 2287 429 2350 tibi
457 2306 529 2350 cum
557 2287 613 2352 deo
637 2290 695 2366 est,
725 2288 751 2350 si
779 2288 842 2350 tuis
869 2287 991 2370 legibus
1018 2287 1138 2371 uiuisj‘?
1183 2288 1253 2349 tum
1276 2284 1357 2365 quod
1380 2287 1414 2347 et

270 2391 308 2455 de
320 2391 480 2472 scripturis
493 2391 609 2455 audent
624 2391 847 2474 argumentari,
860 2391 975 2455 dixisse
987 2391 1181 2473 apostolum:
1198 2393 1238 2453 ut
1253 2389 1413 2471 quisque
1436 2427 1439 2430 -

270 2495 385 2558 inerit
406 2495 598 2574 inuentus
622 2495 675 2558 ita
696 2498 928 2578 perseueret,
951 2513 1118 2579 possumus
1138 2494 1234 2578 igitur
1253 2510 1363 2556 omnes
1377 2493 1412 2556 iu

218 2613 244 2652 ²⁰
269 2599 405 2681 peccatis
431 2616 631 2681 perseuerare
660 2617 695 2663 ex
722 2599 784 2662 ista
810 2599 1077 2680 interpretatione.
1123 2616 1186 2682 nec
1213 2597 1305 2681 eniml
1325 2597 1413 2678 quis-

270 2721 365 2784 quam
392 2695 534 2769 nostrum
556 2720 619 2767 non
645 2706 789 2785 peccator
818 2703 966 2766 inuentus
990 2705 1048 2782 est,
1076 2721 1148 2766 cum
1176 2701 1320 2766 Christus
1348 2719 1412 2764 non

270 2807 330 2870 alia
354 2825 389 2870 ex
410 2825 505 2870 cansa
520 2807 715 2871 descenderit
737 2824 832 2888 quam
848 2810 1045 2889 peccatorum
1060 2804 1303 2870 liberandorum.
1333 2805 1412 2868 item

271 2910 404 2973 eundem
426 2910 619 2992 praecepisse
635 2910 743 2974 dicunt
758 2911 931 2974 secuudum
947 2929 1041 2973 suum
1056 2910 1245 2991 exemplum,
1268 2909 1316 2972 uti
1339 2926 1412 2971 ma-

269 3012 378 3077 nibus
403 3010 408 3096 Ι
432 3015 510 3077 suis
541 3015 796 3096 unusquisque
827 3017 1002 3097 operetur
1032 3014 1076 3078 ad
1104 3014 1254 3077 uictum.
1301 3013 1327 3076 si
1349 3012 1519 3078 honoros*

217 3135 242 3175 ss
268 3119 469 3200 praeceptum
500 3117 537 3181 ab
569 3118 714 3181 omnibus
745 3118 892 3181 manibus
920 3118 1111 3197 defenditur,
1142 3118 1233 3181 credo
1263 3119 1294 3180 et
1323 3116 1409 3180 fures

266 3219 431 3284 balneares
454 3220 599 3285 manibus
616 3222 681 3285 suis
704 3221 812 3285 uiuere
836 3225 867 3284 et
882 3222 966 3305 ipsos
989 3223 1127 3285 latrones
1150 3220 1296 3284 manibus
1316 3237 1410 3303 agere

268 3342 328 3405 quo
355 3325 476 3403 uiuant,
503 3325 580 3388 item
606 3325 750 3389 falsarios
777 3326 886 3407 utique
914 3344 977 3390 non
1003 3325 1151 3408 pedibuS,
1180 3324 1234 3388 sed
1261 3322 1410 3388 manibus

268 3429 388 3509 operari
403 3429 502 3492 malas
518 3429 650 3509 litterae,
667 3429 834 3493 histriones
847 3447 921 3493 nero
933 3448 996 3494 non
1009 3430 1154 3494 manibus
1166 3429 1252 3508 solis,
1265 3429 1320 3492 sed
1331 3428 1409 3492 totis
1581 3510 1582 3513 Ἴ

268 3531 418 3595 membris
441 3532 560 3596 uictum
582 3531 751 3597 elaborare.
786 3537 894 3616 pateat
916 3534 1013 3618 igitur
1030 3534 1160 3598 ecclesia
1175 3533 1331 3613 omnibus,
1355 3533 1411 3614 qui

372 3703 398 3771 1]
417 3703 459 3755 Es.
478 3704 520 3767 44,
534 3706 610 3760 8-9.
659 3704 686 3772 5]
699 3703 741 3758 Es.
754 3705 797 3768 44,
810 3707 851 3759 20.
898 3705 925 3774 7]
943 3705 987 3758 Pa.
1002 3708 1060 3770 115,
1072 3707 1097 3761 8.
1149 3704 1194 3772 18]
1215 3702 1301 3759 1cor.
1321 3706 1344 3767 7,
1363 3706 1407 3758 20.

267 3789 312 3858 23]
333 3793 346 3844 1
366 3789 457 3843 Thess.
476 3792 501 3855 4,
521 3792 561 3845 11.

309 3946 527 4013 ipronuuciatio
546 3947 573 4000 A
625 3947 667 4001 bis
686 3946 783 4014 quain
800 3947 828 4000 B
883 3948 1000 4017 titensa]
1021 3950 1112 4001 errant
1129 3949 1200 4003 Pam
1257 3946 1330 4002 (iuti
1349 3948 1410 4002 Iam

267 4031 393 4086 9suifiat
411 4033 438 4086 A
501 4035 533 4088 13
552 4032 770 4102 respondebimus
791 4035 819 4088 B
882 4037 914 4090 15
936 4034 1006 4102 eam]
1030 4034 1086 4088 eius
1105 4036 1161 4090 Iam
1220 4037 1251 4090 l'l
1268 4035 1291 4087 si
1303 4034 1356 4088 tuis
1369 4035 1410 4104 A,

267 4118 301 4172 sit
311 4119 389 4172 uisB
450 4119 529 4176 uiuis
543 4120 579 4186 A,
599 4121 686 4175 ooaB
700 4122 780 4190 culpo
844 4124 876 4176 19
893 4123 1092 4177 distinctionem
1109 4123 1213 4178 correxi
1270 4123 1304 4176 20
1321 4121 1407 4175 inter-

266 4205 429 4273 praetatione
446 4207 473 4258 A
527 4206 599 4259 enim
616 4208 644 4260 A
665 4223 722 4262 noc
739 4208 835 4262 babere
852 4208 966 4276 videtur,
985 4226 1035 4263 om.
1053 4209 1080 4262 B
1137 4210 1265 4264 acuon
1318 4209 1408 4261 mani-

265 4288 315 4342 bus
334 4291 383 4346 del.
404 4291 468 4346 Scal
528 4295 563 4348 24
581 4293 635 4345 suis
653 4311 704 4348 coa.
723 4294 751 4347 B
813 4310 933 4362 unusque
957 4296 984 4348 A
1045 4297 1080 4350 26
1104 4294 1240 4349 balneares
1268 4295 1409 4364 Oeblerao,

265 4375 430 4430 balneatores
448 4380 511 4445 AB,
530 4377 678 4433 balnearios
699 4381 758 4449 cer,
775 4383 803 4434 et
821 4381 948 4435 aleatores
966 4382 1022 4450 Rip
