<?xml version="1.0" encoding="UTF-8"?>
<!DOCTYPE html PUBLIC "-//W3C//DTD XHTML 1.0 Transitional//EN"
    "http://www.w3.org/TR/xhtml1/DTD/xhtml1-transitional.dtd">
<html xmlns="http://www.w3.org/1999/xhtml" xml:lang="en" lang="en">
 <head>
  <title>
</title>
<meta http-equiv="Content-Type" content="text/html;charset=utf-8" />
  <meta name='ocr-system' content='tesseract 3.04.00' />
  <meta name='ocr-capabilities' content='ocr_page ocr_carea ocr_par ocr_line ocrx_word'/>
</head>
<body>
  <div class='ocr_page' id='page_1' title='image "./corpusscriptoru24wissgoog/corpusscriptoru24wissgoog_0299.png"; bbox 0 0 3200 5034; ppageno 0'>
   <div class='ocr_carea' id='block_1_1' title="bbox 285 418 1194 487">
    <p class='ocr_par' dir='ltr' id='par_1_1' title="bbox 285 418 1194 487">
     <span class='ocr_line' id='line_1_1' title="bbox 285 418 1194 487; baseline -0.007 -10"><span class='ocrx_word' id='word_1_1' title='bbox 285 420 349 484; x_wconf 80' lang='grc'><strong>280</strong></span> <span class='ocrx_word' id='word_1_2' title='bbox 515 418 629 485; x_wconf 81' lang='lat' dir='ltr'><strong>Quinti</strong></span> <span class='ocrx_word' id='word_1_3' title='bbox 649 420 789 487; x_wconf 79' lang='lat' dir='ltr'><strong>Septimi</strong></span> <span class='ocrx_word' id='word_1_4' title='bbox 808 418 976 471; x_wconf 78' lang='lat' dir='ltr'><strong>Florentia</strong></span> <span class='ocrx_word' id='word_1_5' title='bbox 995 418 1194 471; x_wconf 80' lang='lat' dir='ltr'>Tertulliani</span> 
     </span>
    </p>
   </div>
   <div class='ocr_carea' id='block_1_2' title="bbox 174 593 1512 3075">
    <p class='ocr_par' dir='ltr' id='par_1_2' title="bbox 287 593 1429 989">
     <span class='ocr_line' id='line_1_2' title="bbox 330 593 1428 677; baseline 0 -21"><span class='ocrx_word' id='word_1_6' title='bbox 330 594 360 657; x_wconf 83' lang='lat'><strong>6.</strong></span> <span class='ocrx_word' id='word_1_7' title='bbox 384 594 475 657; x_wconf 89' lang='lat' dir='ltr'><strong>Nune</strong></span> <span class='ocrx_word' id='word_1_8' title='bbox 506 595 532 658; x_wconf 91' lang='lat' dir='ltr'><strong>si</strong></span> <span class='ocrx_word' id='word_1_9' title='bbox 562 597 680 658; x_wconf 86' lang='lat' dir='ltr'><strong>temere</strong></span> <span class='ocrx_word' id='word_1_10' title='bbox 707 594 846 658; x_wconf 84' lang='lat' dir='ltr'><strong>rationes</strong></span> <span class='ocrx_word' id='word_1_11' title='bbox 869 594 1014 677; x_wconf 81' lang='lat' dir='ltr'><strong>castigati</strong></span> <span class='ocrx_word' id='word_1_12' title='bbox 1038 593 1135 658; x_wconf 93' lang='lat' dir='ltr'><strong>adeo</strong></span> <span class='ocrx_word' id='word_1_13' title='bbox 1158 594 1259 657; x_wconf 90' lang='lat' dir='ltr'><strong>uictus</strong></span> <span class='ocrx_word' id='word_1_14' title='bbox 1284 596 1316 657; x_wconf 87' lang='lat' dir='ltr'><strong>et</strong></span> <span class='ocrx_word' id='word_1_15' title='bbox 1337 593 1428 656; x_wconf 85' lang='lat' dir='ltr'><strong>easti-</strong></span> 
     </span>
     <span class='ocr_line' id='line_1_3' title="bbox 287 698 1429 782; baseline -0.003 -20"><span class='ocrx_word' id='word_1_16' title='bbox 287 698 383 782; x_wconf 89' lang='lat' dir='ltr'><strong>gandi</strong></span> <span class='ocrx_word' id='word_1_17' title='bbox 404 702 531 782; x_wconf 89' lang='lat' dir='ltr'><strong>propter</strong></span> <span class='ocrx_word' id='word_1_18' title='bbox 554 700 647 762; x_wconf 91' lang='lat' dir='ltr'><strong>deum</strong></span> <span class='ocrx_word' id='word_1_19' title='bbox 670 716 689 761; x_wconf 92' lang='lat' dir='ltr'><strong>a</strong></span> <span class='ocrx_word' id='word_1_20' title='bbox 711 698 801 762; x_wconf 91' lang='lat' dir='ltr'><strong>nobis</strong></span> <span class='ocrx_word' id='word_1_21' title='bbox 825 698 864 761; x_wconf 90' lang='lat' dir='ltr'><strong>ad</strong></span> <span class='ocrx_word' id='word_1_22' title='bbox 887 698 1126 781; x_wconf 85' lang='lat' dir='ltr'><strong>primordiorum</strong></span> <span class='ocrx_word' id='word_1_23' title='bbox 1150 698 1361 782; x_wconf 89' lang='lat' dir='ltr'><strong>experimenta</strong></span> <span class='ocrx_word' id='word_1_24' title='bbox 1382 716 1429 760; x_wconf 92' lang='lat' dir='ltr'><strong>re-</strong></span> 
     </span>
     <span class='ocr_line' id='line_1_4' title="bbox 288 802 1428 885; baseline -0.001 -19"><span class='ocrx_word' id='word_1_25' title='bbox 288 803 481 883; x_wconf 79' lang='lat' dir='ltr'><strong>uocauimuS,</strong></span> <span class='ocrx_word' id='word_1_26' title='bbox 504 802 728 868; x_wconf 77' lang='lat' dir='ltr'><strong>conscientiam</strong></span> <span class='ocrx_word' id='word_1_27' title='bbox 752 820 953 866; x_wconf 88' lang='lat' dir='ltr'><strong>communem</strong></span> <span class='ocrx_word' id='word_1_28' title='bbox 977 803 1188 866; x_wconf 80' lang='lat' dir='ltr'><strong>consulamus,</strong></span> <span class='ocrx_word' id='word_1_29' title='bbox 1227 803 1296 885; x_wconf 90' lang='lat' dir='ltr'><strong>ipsa</strong></span> <span class='ocrx_word' id='word_1_30' title='bbox 1319 805 1428 865; x_wconf 91' lang='lat' dir='ltr'><strong>natura</strong></span> 
     </span>
     <span class='ocr_line' id='line_1_5' title="bbox 289 905 1427 989; baseline -0.003 -18"><span class='ocrx_word' id='word_1_31' title='bbox 289 906 481 987; x_wconf 79' lang='lat' dir='ltr'><strong>enuntiabit,</strong></span> <span class='ocrx_word' id='word_1_32' title='bbox 504 906 613 988; x_wconf 91' lang='lat' dir='ltr'><strong>quales</strong></span> <span class='ocrx_word' id='word_1_33' title='bbox 637 925 694 971; x_wconf 92' lang='lat' dir='ltr'><strong>nos</strong></span> <span class='ocrx_word' id='word_1_34' title='bbox 717 909 791 969; x_wconf 88' lang='lat' dir='ltr'><strong>ante</strong></span> <span class='ocrx_word' id='word_1_35' title='bbox 813 906 966 988; x_wconf 91' lang='lat' dir='ltr'><strong>pabulum</strong></span> <span class='ocrx_word' id='word_1_36' title='bbox 990 910 1022 971; x_wconf 86' lang='lat' dir='ltr'><strong>et</strong></span> <span class='ocrx_word' id='word_1_37' title='bbox 1043 910 1154 989; x_wconf 87' lang='lat' dir='ltr'><strong>potum</strong></span> <span class='ocrx_word' id='word_1_38' title='bbox 1177 906 1209 969; x_wconf 91' lang='lat' dir='ltr'><strong>in</strong></span> <span class='ocrx_word' id='word_1_39' title='bbox 1233 906 1352 989; x_wconf 88' lang='lat' dir='ltr'><strong>uirgine</strong></span> <span class='ocrx_word' id='word_1_40' title='bbox 1376 905 1427 968; x_wconf 93' lang='lat' dir='ltr'><strong>ad-</strong></span> 
     </span>
    </p>

    <p class='ocr_par' dir='ltr' id='par_1_3' title="bbox 248 1010 1428 1510">
     <span class='ocr_line' id='line_1_6' title="bbox 248 1010 1427 1093; baseline -0.003 -16"><span class='ocrx_word' id='word_1_41' title='bbox 248 1039 260 1077; x_wconf 74' lang='lat' dir='ltr'><strong>s</strong></span> <span class='ocrx_word' id='word_1_42' title='bbox 287 1012 348 1076; x_wconf 93' lang='lat' dir='ltr'><strong>lmc</strong></span> <span class='ocrx_word' id='word_1_43' title='bbox 376 1011 477 1075; x_wconf 90' lang='lat' dir='ltr'><strong>saliua</strong></span> <span class='ocrx_word' id='word_1_44' title='bbox 499 1010 643 1075; x_wconf 90' lang='lat' dir='ltr'><strong>exhibere</strong></span> <span class='ocrx_word' id='word_1_45' title='bbox 672 1011 829 1075; x_wconf 90' lang='lat' dir='ltr'><strong>consuerit</strong></span> <span class='ocrx_word' id='word_1_46' title='bbox 858 1010 953 1075; x_wconf 89' lang='lat' dir='ltr'><strong>rebus</strong></span> <span class='ocrx_word' id='word_1_47' title='bbox 984 1011 1146 1075; x_wconf 81' lang='lat' dir='ltr'><strong>dumtaxat</strong></span> <span class='ocrx_word' id='word_1_48' title='bbox 1175 1028 1269 1075; x_wconf 87' lang='lat' dir='ltr'><strong>sensu</strong></span> <span class='ocrx_word' id='word_1_49' title='bbox 1291 1010 1427 1093; x_wconf 82' lang='lat' dir='ltr'><strong>agendis,</strong></span> 
     </span>
     <span class='ocr_line' id='line_1_7' title="bbox 289 1114 1428 1200; baseline -0.002 -21"><span class='ocrx_word' id='word_1_50' title='bbox 289 1134 349 1197; x_wconf 90' lang='lat' dir='ltr'><strong>quo</strong></span> <span class='ocrx_word' id='word_1_51' title='bbox 380 1114 487 1179; x_wconf 89' lang='lat' dir='ltr'><strong>diuina</strong></span> <span class='ocrx_word' id='word_1_52' title='bbox 513 1118 701 1195; x_wconf 85' lang='lat' dir='ltr'><strong>tractantur,</strong></span> <span class='ocrx_word' id='word_1_53' title='bbox 733 1115 759 1178; x_wconf 92' lang='lat' dir='ltr'><strong>si</strong></span> <span class='ocrx_word' id='word_1_54' title='bbox 783 1116 882 1180; x_wconf 87' lang='lat' dir='ltr'><strong>multo</strong></span> <span class='ocrx_word' id='word_1_55' title='bbox 905 1116 1099 1200; x_wconf 87' lang='lat' dir='ltr'><strong>pollentioris</strong></span> <span class='ocrx_word' id='word_1_56' title='bbox 1123 1115 1253 1195; x_wconf 89' lang='lat' dir='ltr'><strong>mentis,</strong></span> <span class='ocrx_word' id='word_1_57' title='bbox 1284 1115 1310 1178; x_wconf 91' lang='lat' dir='ltr'><strong>si</strong></span> <span class='ocrx_word' id='word_1_58' title='bbox 1332 1114 1428 1177; x_wconf 87' lang='lat' dir='ltr'><strong>multo</strong></span> 
     </span>
     <span class='ocr_line' id='line_1_8' title="bbox 288 1218 1426 1300; baseline -0.002 -17"><span class='ocrx_word' id='word_1_59' title='bbox 288 1219 453 1283; x_wconf 89' lang='lat' dir='ltr'><strong>uiuacioris</strong></span> <span class='ocrx_word' id='word_1_60' title='bbox 477 1218 591 1299; x_wconf 77' lang='lat' dir='ltr'><strong>eordiS,</strong></span> <span class='ocrx_word' id='word_1_61' title='bbox 620 1237 715 1300; x_wconf 91' lang='lat' dir='ltr'><strong>quam</strong></span> <span class='ocrx_word' id='word_1_62' title='bbox 738 1238 812 1284; x_wconf 89' lang='lat' dir='ltr'><strong>cum</strong></span> <span class='ocrx_word' id='word_1_63' title='bbox 835 1222 937 1283; x_wconf 90' lang='lat' dir='ltr'><strong>totum</strong></span> <span class='ocrx_word' id='word_1_64' title='bbox 960 1220 1037 1283; x_wconf 92' lang='lat' dir='ltr'><strong>illud</strong></span> <span class='ocrx_word' id='word_1_65' title='bbox 1060 1220 1253 1284; x_wconf 88' lang='lat' dir='ltr'><strong>domicilium</strong></span> <span class='ocrx_word' id='word_1_66' title='bbox 1275 1218 1426 1283; x_wconf 90' lang='lat' dir='ltr'><strong>interioris</strong></span> 
     </span>
     <span class='ocr_line' id='line_1_9' title="bbox 287 1323 1427 1406; baseline -0.002 -18"><span class='ocrx_word' id='word_1_67' title='bbox 287 1324 424 1388; x_wconf 91' lang='lat' dir='ltr'><strong>hominis</strong></span> <span class='ocrx_word' id='word_1_68' title='bbox 445 1323 524 1387; x_wconf 88' lang='lat' dir='ltr'><strong>escis</strong></span> <span class='ocrx_word' id='word_1_69' title='bbox 542 1325 704 1406; x_wconf 89' lang='lat' dir='ltr'><strong>stipatum,</strong></span> <span class='ocrx_word' id='word_1_70' title='bbox 728 1324 812 1387; x_wconf 88' lang='lat' dir='ltr'><strong>uinis</strong></span> <span class='ocrx_word' id='word_1_71' title='bbox 828 1324 1026 1405; x_wconf 88' lang='lat' dir='ltr'><strong>inundatum,</strong></span> <span class='ocrx_word' id='word_1_72' title='bbox 1050 1324 1257 1405; x_wconf 86' lang='lat' dir='ltr'><strong>decoquendis</strong></span> <span class='ocrx_word' id='word_1_73' title='bbox 1273 1324 1336 1387; x_wconf 92' lang='lat' dir='ltr'><strong>iam</strong></span> <span class='ocrx_word' id='word_1_74' title='bbox 1351 1326 1427 1387; x_wconf 92' lang='lat' dir='ltr'><strong>ster-</strong></span> 
     </span>
     <span class='ocr_line' id='line_1_10' title="bbox 288 1427 1427 1510; baseline 0.001 -19"><span class='ocrx_word' id='word_1_75' title='bbox 288 1427 412 1491; x_wconf 91' lang='lat' dir='ltr'><strong>coribus</strong></span> <span class='ocrx_word' id='word_1_76' title='bbox 429 1430 614 1492; x_wconf 84' lang='lat' dir='ltr'><strong>exaestuans</strong></span> <span class='ocrx_word' id='word_1_77' title='bbox 630 1428 943 1510; x_wconf 88' lang='lat' dir='ltr'><strong>praemeditatorium·</strong></span> <span class='ocrx_word' id='word_1_78' title='bbox 955 1428 1089 1492; x_wconf 87' lang='lat' dir='ltr'><strong>eflicitur</strong></span> <span class='ocrx_word' id='word_1_79' title='bbox 1104 1429 1299 1508; x_wconf 88' lang='lat' dir='ltr'><strong>latrinarum,</strong></span> <span class='ocrx_word' id='word_1_80' title='bbox 1322 1429 1353 1491; x_wconf 91' lang='lat' dir='ltr'><strong>in</strong></span> <span class='ocrx_word' id='word_1_81' title='bbox 1367 1445 1427 1508; x_wconf 92' lang='lat' dir='ltr'><strong>quo</strong></span> 
     </span>
    </p>

    <p class='ocr_par' dir='ltr' id='par_1_4' title="bbox 237 1532 1426 2033">
     <span class='ocr_line' id='line_1_11' title="bbox 237 1532 1423 1616; baseline -0.003 -17"><span class='ocrx_word' id='word_1_82' title='bbox 237 1562 261 1600; x_wconf 83' lang='grc' dir='ltr'><strong>ιο</strong></span> <span class='ocrx_word' id='word_1_83' title='bbox 287 1532 380 1615; x_wconf 91' lang='lat' dir='ltr'><strong>plane</strong></span> <span class='ocrx_word' id='word_1_84' title='bbox 403 1532 480 1595; x_wconf 92' lang='lat' dir='ltr'><strong>nihil</strong></span> <span class='ocrx_word' id='word_1_85' title='bbox 503 1535 569 1595; x_wconf 91' lang='lat' dir='ltr'><strong>tam</strong></span> <span class='ocrx_word' id='word_1_86' title='bbox 592 1532 625 1596; x_wconf 91' lang='lat' dir='ltr'><strong>iu</strong></span> <span class='ocrx_word' id='word_1_87' title='bbox 648 1532 789 1616; x_wconf 92' lang='lat' dir='ltr'><strong>proximo</strong></span> <span class='ocrx_word' id='word_1_88' title='bbox 813 1532 950 1614; x_wconf 89' lang='lat' dir='ltr'><strong>supersit</strong></span> <span class='ocrx_word' id='word_1_89' title='bbox 965 1551 1060 1614; x_wconf 89' lang='lat' dir='ltr'><strong>qnam</strong></span> <span class='ocrx_word' id='word_1_90' title='bbox 1077 1532 1115 1596; x_wconf 89' lang='lat' dir='ltr'><strong>ad</strong></span> <span class='ocrx_word' id='word_1_91' title='bbox 1131 1532 1294 1597; x_wconf 87' lang='lat' dir='ltr'><strong>lasciuiam</strong></span> <span class='ocrx_word' id='word_1_92' title='bbox 1311 1550 1423 1614; x_wconf 90' lang='lat' dir='ltr'><strong>sapere.</strong></span> 
     </span>
     <span class='ocr_line' id='line_1_12' title="bbox 289 1635 1424 1719; baseline -0.001 -20"><span class='ocrx_word' id='word_1_93' title='bbox 289 1635 531 1699; x_wconf 89' lang='lat' dir='ltr'><strong>manducauit</strong></span> <span class='ocrx_word' id='word_1_94' title='bbox 561 1638 723 1719; x_wconf 90' lang='lat' dir='ltr'><strong>populus</strong></span> <span class='ocrx_word' id='word_1_95' title='bbox 754 1640 790 1700; x_wconf 89' lang='lat' dir='ltr'><strong>et</strong></span> <span class='ocrx_word' id='word_1_96' title='bbox 820 1636 933 1717; x_wconf 86' lang='lat' dir='ltr'><strong>bibit,</strong></span> <span class='ocrx_word' id='word_1_97' title='bbox 965 1640 1000 1700; x_wconf 92' lang='lat' dir='ltr'><strong>et</strong></span> <span class='ocrx_word' id='word_1_98' title='bbox 1028 1640 1271 1700; x_wconf 86' lang='lat' dir='ltr'><strong>surrexerunt</strong></span> <span class='ocrx_word' id='word_1_99' title='bbox 1293 1636 1424 1699; x_wconf 91' lang='lat' dir='ltr'><strong>ludere.</strong></span> 
     </span>
     <span class='ocr_line' id='line_1_13' title="bbox 288 1741 1425 1825; baseline -0.002 -20"><span class='ocrx_word' id='word_1_100' title='bbox 288 1742 435 1823; x_wconf 87' lang='lat' dir='ltr'><strong>intellege</strong></span> <span class='ocrx_word' id='word_1_101' title='bbox 451 1744 578 1805; x_wconf 89' lang='lat' dir='ltr'><strong>sanctae</strong></span> <span class='ocrx_word' id='word_1_102' title='bbox 595 1743 766 1825; x_wconf 89' lang='lat' dir='ltr'><strong>scripturae</strong></span> <span class='ocrx_word' id='word_1_103' title='bbox 782 1742 1019 1806; x_wconf 90' lang='lat' dir='ltr'><strong>uerecundiam:</strong></span> <span class='ocrx_word' id='word_1_104' title='bbox 1043 1743 1148 1806; x_wconf 90' lang='lat' dir='ltr'><strong>lusum</strong></span> <span class='ocrx_word' id='word_1_105' title='bbox 1165 1742 1226 1806; x_wconf 89' lang='lat' dir='ltr'><strong>uisi</strong></span> <span class='ocrx_word' id='word_1_106' title='bbox 1240 1741 1425 1823; x_wconf 90' lang='lat' dir='ltr'><strong>impudicum</strong></span> 
     </span>
     <span class='ocr_line' id='line_1_14' title="bbox 289 1844 1425 1929; baseline -0.002 -20"><span class='ocrx_word' id='word_1_107' title='bbox 289 1864 352 1909; x_wconf 92' lang='lat' dir='ltr'><strong>non</strong></span> <span class='ocrx_word' id='word_1_108' title='bbox 382 1845 571 1911; x_wconf 87' lang='lat' dir='ltr'><strong>denotasset.</strong></span> <span class='ocrx_word' id='word_1_109' title='bbox 617 1850 756 1910; x_wconf 90' lang='lat' dir='ltr'><strong>ceterum</strong></span> <span class='ocrx_word' id='word_1_110' title='bbox 786 1847 1034 1928; x_wconf 88' lang='lat' dir='ltr'><strong>quotusquisque</strong></span> <span class='ocrx_word' id='word_1_111' title='bbox 1065 1846 1245 1910; x_wconf 90' lang='lat' dir='ltr'><strong>meminerit</strong></span> <span class='ocrx_word' id='word_1_112' title='bbox 1272 1844 1425 1929; x_wconf 77' lang='lat' dir='ltr'><strong>religionis</strong></span> 
     </span>
     <span class='ocr_line' id='line_1_15' title="bbox 289 1950 1426 2033; baseline -0.002 -20"><span class='ocrx_word' id='word_1_113' title='bbox 289 1950 448 2033; x_wconf 87' lang='lat' dir='ltr'><strong>occupatis</strong></span> <span class='ocrx_word' id='word_1_114' title='bbox 471 1951 641 2015; x_wconf 90' lang='lat' dir='ltr'><strong>memoriae</strong></span> <span class='ocrx_word' id='word_1_115' title='bbox 663 1951 750 2030; x_wconf 87' lang='lat' dir='ltr'><strong>locis,</strong></span> <span class='ocrx_word' id='word_1_116' title='bbox 773 1950 932 2033; x_wconf 82' lang='lat' dir='ltr'><strong>impeditis</strong></span> <span class='ocrx_word' id='word_1_117' title='bbox 949 1951 1119 2033; x_wconf 88' lang='lat' dir='ltr'><strong>sapientiae</strong></span> <span class='ocrx_word' id='word_1_118' title='bbox 1134 1950 1306 2014; x_wconf 80' lang='lat' dir='ltr'><strong>membris?</strong></span> <span class='ocrx_word' id='word_1_119' title='bbox 1339 1966 1426 2013; x_wconf 90' lang='lat' dir='ltr'><strong>uerno</strong></span> 
     </span>
    </p>

    <p class='ocr_par' dir='ltr' id='par_1_5' title="bbox 239 2052 1512 2555">
     <span class='ocr_line' id='line_1_16' title="bbox 239 2052 1427 2136; baseline -0.003 -17"><span class='ocrx_word' id='word_1_120' title='bbox 239 2081 263 2119; x_wconf 82' lang='lat'><strong>15</strong></span> <span class='ocrx_word' id='word_1_121' title='bbox 290 2054 391 2117; x_wconf 91' lang='lat' dir='ltr'><strong>itaut</strong></span> <span class='ocrx_word' id='word_1_122' title='bbox 414 2054 518 2135; x_wconf 86' lang='lat' dir='ltr'><strong>decet,</strong></span> <span class='ocrx_word' id='word_1_123' title='bbox 541 2055 629 2119; x_wconf 89' lang='lat' dir='ltr'><strong>itan</strong></span> <span class='ocrx_word' id='word_1_124' title='bbox 665 2073 722 2136; x_wconf 90' lang='lat' dir='ltr'><strong>par</strong></span> <span class='ocrx_word' id='word_1_125' title='bbox 746 2058 809 2135; x_wconf 91' lang='lat' dir='ltr'><strong>est,</strong></span> <span class='ocrx_word' id='word_1_126' title='bbox 833 2054 879 2117; x_wconf 93' lang='lat' dir='ltr'><strong>ita</strong></span> <span class='ocrx_word' id='word_1_127' title='bbox 901 2057 937 2117; x_wconf 88' lang='lat' dir='ltr'><strong>ut</strong></span> <span class='ocrx_word' id='word_1_128' title='bbox 959 2054 1036 2118; x_wconf 89' lang='lat' dir='ltr'><strong>utile</strong></span> <span class='ocrx_word' id='word_1_129' title='bbox 1060 2058 1122 2134; x_wconf 92' lang='lat' dir='ltr'><strong>est,</strong></span> <span class='ocrx_word' id='word_1_130' title='bbox 1149 2053 1358 2119; x_wconf 88' lang='lat' dir='ltr'><strong>recordabitur</strong></span> <span class='ocrx_word' id='word_1_131' title='bbox 1379 2052 1427 2117; x_wconf 92' lang='lat' dir='ltr'><strong>dei</strong></span> 
     </span>
     <span class='ocr_line' id='line_1_17' title="bbox 290 2158 1427 2241; baseline -0.002 -20"><span class='ocrx_word' id='word_1_132' title='bbox 290 2177 325 2222; x_wconf 94' lang='lat' dir='ltr'><strong>eo</strong></span> <span class='ocrx_word' id='word_1_133' title='bbox 348 2158 381 2222; x_wconf 94' lang='lat' dir='ltr'><strong>in</strong></span> <span class='ocrx_word' id='word_1_134' title='bbox 404 2162 554 2240; x_wconf 88' lang='lat' dir='ltr'><strong>tempore,</strong></span> <span class='ocrx_word' id='word_1_135' title='bbox 578 2176 639 2240; x_wconf 90' lang='lat' dir='ltr'><strong>qno</strong></span> <span class='ocrx_word' id='word_1_136' title='bbox 661 2159 766 2241; x_wconf 90' lang='lat' dir='ltr'><strong>ipsum</strong></span> <span class='ocrx_word' id='word_1_137' title='bbox 789 2158 850 2222; x_wconf 91' lang='lat' dir='ltr'><strong>sibi</strong></span> <span class='ocrx_word' id='word_1_138' title='bbox 872 2158 1033 2222; x_wconf 92' lang='lat' dir='ltr'><strong>homiuem</strong></span> <span class='ocrx_word' id='word_1_139' title='bbox 1054 2158 1193 2221; x_wconf 89' lang='lat' dir='ltr'><strong>excidere</strong></span> <span class='ocrx_word' id='word_1_140' title='bbox 1209 2158 1356 2223; x_wconf 91' lang='lat' dir='ltr'><strong>sollemne</strong></span> <span class='ocrx_word' id='word_1_141' title='bbox 1372 2159 1427 2220; x_wconf 90' lang='lat' dir='ltr'><strong>est.</strong></span> 
     </span>
     <span class='ocr_line' id='line_1_18' title="bbox 289 2261 1428 2344; baseline -0.002 -17"><span class='ocrx_word' id='word_1_142' title='bbox 289 2281 416 2327; x_wconf 90' lang='lat' dir='ltr'><strong>omnem</strong></span> <span class='ocrx_word' id='word_1_143' title='bbox 447 2262 646 2344; x_wconf 89' lang='lat' dir='ltr'><strong>disciplinam</strong></span> <span class='ocrx_word' id='word_1_144' title='bbox 673 2263 775 2326; x_wconf 85' lang='lat' dir='ltr'><strong>nictus</strong></span> <span class='ocrx_word' id='word_1_145' title='bbox 800 2266 855 2326; x_wconf 88' lang='lat' dir='ltr'><strong>aut</strong></span> <span class='ocrx_word' id='word_1_146' title='bbox 877 2262 989 2328; x_wconf 89' lang='lat' dir='ltr'><strong>oceidit</strong></span> <span class='ocrx_word' id='word_1_147' title='bbox 1011 2266 1066 2327; x_wconf 89' lang='lat' dir='ltr'><strong>aut</strong></span> <span class='ocrx_word' id='word_1_148' title='bbox 1087 2264 1241 2327; x_wconf 91' lang='lat' dir='ltr'><strong>uulnerat.</strong></span> <span class='ocrx_word' id='word_1_149' title='bbox 1290 2261 1428 2341; x_wconf 89' lang='lat' dir='ltr'><strong>mentior,</strong></span> 
     </span>
     <span class='ocr_line' id='line_1_19' title="bbox 290 2365 1429 2450; baseline -0.002 -20"><span class='ocrx_word' id='word_1_150' title='bbox 290 2368 316 2430; x_wconf 91' lang='lat' dir='ltr'><strong>si</strong></span> <span class='ocrx_word' id='word_1_151' title='bbox 340 2386 402 2431; x_wconf 91' lang='lat' dir='ltr'><strong>uon</strong></span> <span class='ocrx_word' id='word_1_152' title='bbox 425 2367 569 2431; x_wconf 90' lang='lat' dir='ltr'><strong>dominus</strong></span> <span class='ocrx_word' id='word_1_153' title='bbox 593 2367 660 2450; x_wconf 91' lang='lat' dir='ltr'><strong>ipse</strong></span> <span class='ocrx_word' id='word_1_154' title='bbox 680 2365 869 2431; x_wconf 89' lang='lat' dir='ltr'><strong>obliuionem</strong></span> <span class='ocrx_word' id='word_1_155' title='bbox 894 2367 943 2430; x_wconf 91' lang='lat' dir='ltr'><strong>sui</strong></span> <span class='ocrx_word' id='word_1_156' title='bbox 966 2365 1155 2450; x_wconf 85' lang='lat' dir='ltr'><strong>exprobrans</strong></span> <span class='ocrx_word' id='word_1_157' title='bbox 1172 2367 1284 2431; x_wconf 91' lang='lat' dir='ltr'><strong>Israeli</strong></span> <span class='ocrx_word' id='word_1_158' title='bbox 1306 2383 1429 2430; x_wconf 90' lang='lat' dir='ltr'><strong>eausam</strong></span> 
     </span>
     <span class='ocr_line' id='line_1_20' title="bbox 289 2471 1512 2555; baseline -0.002 -20"><span class='ocrx_word' id='word_1_159' title='bbox 289 2471 482 2554; x_wconf 88' lang='lat' dir='ltr'><strong>plenitudini·</strong></span> <span class='ocrx_word' id='word_1_160' title='bbox 499 2474 633 2555; x_wconf 87' lang='lat' dir='ltr'><strong>reputat.</strong></span> <span class='ocrx_word' id='word_1_161' title='bbox 680 2472 915 2536; x_wconf 87' lang='lat' dir='ltr'><strong>incrassatus</strong></span> <span class='ocrx_word' id='word_1_162' title='bbox 947 2475 1003 2536; x_wconf 90' lang='lat' dir='ltr'><strong>est</strong></span> <span class='ocrx_word' id='word_1_163' title='bbox 1033 2472 1195 2535; x_wconf 90' lang='lat' dir='ltr'><strong>dilectus</strong></span> <span class='ocrx_word' id='word_1_164' title='bbox 1225 2474 1261 2535; x_wconf 90' lang='lat' dir='ltr'><strong>et</strong></span> <span class='ocrx_word' id='word_1_165' title='bbox 1283 2471 1431 2554; x_wconf 90' lang='lat' dir='ltr'><strong>pingue·</strong></span> <span class='ocrx_word' id='word_1_166' title='bbox 1508 2494 1512 2505; x_wconf 61' lang='grc'>’</span> 
     </span>
    </p>

    <p class='ocr_par' dir='ltr' id='par_1_6' title="bbox 238 2574 1431 2760">
     <span class='ocr_line' id='line_1_21' title="bbox 238 2574 1431 2657; baseline -0.001 -19"><span class='ocrx_word' id='word_1_167' title='bbox 238 2600 264 2639; x_wconf 76' lang='lat'><strong>²0</strong></span> <span class='ocrx_word' id='word_1_168' title='bbox 290 2575 414 2639; x_wconf 85' lang='lat' dir='ltr'><strong>faetus</strong></span> <span class='ocrx_word' id='word_1_169' title='bbox 445 2578 482 2639; x_wconf 86' lang='lat' dir='ltr'><strong>et</strong></span> <span class='ocrx_word' id='word_1_170' title='bbox 508 2574 692 2639; x_wconf 89' lang='lat' dir='ltr'><strong>dilatatus</strong></span> <span class='ocrx_word' id='word_1_171' title='bbox 718 2578 788 2655; x_wconf 91' lang='lat' dir='ltr'><strong>est,</strong></span> <span class='ocrx_word' id='word_1_172' title='bbox 820 2579 856 2639; x_wconf 90' lang='lat' dir='ltr'><strong>et</strong></span> <span class='ocrx_word' id='word_1_173' title='bbox 879 2575 1084 2657; x_wconf 88' lang='lat' dir='ltr'><strong>dereliquit</strong></span> <span class='ocrx_word' id='word_1_174' title='bbox 1106 2576 1229 2655; x_wconf 91' lang='lat' dir='ltr'><strong>deum,</strong></span> <span class='ocrx_word' id='word_1_175' title='bbox 1260 2575 1321 2657; x_wconf 92' lang='lat' dir='ltr'><strong>qui</strong></span> <span class='ocrx_word' id='word_1_176' title='bbox 1342 2574 1431 2638; x_wconf 86' lang='lat' dir='ltr'><strong>fecit</strong></span> 
     </span>
     <span class='ocr_line' id='line_1_22' title="bbox 292 2678 1429 2760; baseline -0.001 -18"><span class='ocrx_word' id='word_1_177' title='bbox 292 2698 388 2759; x_wconf 91' lang='lat' dir='ltr'><strong>eum,</strong></span> <span class='ocrx_word' id='word_1_178' title='bbox 411 2682 447 2742; x_wconf 93' lang='lat' dir='ltr'><strong>et</strong></span> <span class='ocrx_word' id='word_1_179' title='bbox 470 2678 658 2743; x_wconf 88' lang='lat' dir='ltr'><strong>abscessit</strong></span> <span class='ocrx_word' id='word_1_180' title='bbox 678 2697 696 2742; x_wconf 89' lang='lat' dir='ltr'><strong>a</strong></span> <span class='ocrx_word' id='word_1_181' title='bbox 715 2679 862 2743; x_wconf 92' lang='lat' dir='ltr'><strong>domino</strong></span> <span class='ocrx_word' id='word_1_182' title='bbox 886 2680 1168 2744; x_wconf 86' lang='lat' dir='ltr'><strong>salutificatore</strong></span> <span class='ocrx_word' id='word_1_183' title='bbox 1192 2697 1266 2743; x_wconf 89' lang='lat' dir='ltr'><strong>suo.</strong></span> <span class='ocrx_word' id='word_1_184' title='bbox 1303 2679 1429 2760; x_wconf 91' lang='lat' dir='ltr'><strong>denique</strong></span> 
     </span>
    </p>

    <p class='ocr_par' dir='ltr' id='par_1_7' title="bbox 174 2782 1429 2867">
     <span class='ocr_line' id='line_1_23' title="bbox 174 2782 1429 2867; baseline -0.002 -20"><span class='ocrx_word' id='word_1_185' title='bbox 174 2797 177 2803; x_wconf 84' lang='lat'>&#39;</span> <span class='ocrx_word' id='word_1_186' title='bbox 292 2784 325 2847; x_wconf 94' lang='lat' dir='ltr'><strong>in</strong></span> <span class='ocrx_word' id='word_1_187' title='bbox 360 2783 469 2848; x_wconf 92' lang='lat' dir='ltr'><strong>eodem</strong></span> <span class='ocrx_word' id='word_1_188' title='bbox 499 2784 741 2848; x_wconf 90' lang='lat' dir='ltr'><strong>Deuteronomio</strong></span> <span class='ocrx_word' id='word_1_189' title='bbox 777 2784 909 2847; x_wconf 91' lang='lat' dir='ltr'><strong>eandem</strong></span> <span class='ocrx_word' id='word_1_190' title='bbox 944 2802 1073 2848; x_wconf 90' lang='lat' dir='ltr'><strong>oausam</strong></span> <span class='ocrx_word' id='word_1_191' title='bbox 1102 2784 1284 2867; x_wconf 90' lang='lat' dir='ltr'><strong>praecaueri</strong></span> <span class='ocrx_word' id='word_1_192' title='bbox 1313 2782 1429 2862; x_wconf 83' lang='lat' dir='ltr'><strong>iubere,</strong></span> 
     </span>
    </p>

    <p class='ocr_par' dir='ltr' id='par_1_8' title="bbox 292 2887 1429 3075">
     <span class='ocr_line' id='line_1_24' title="bbox 292 2887 1429 2970; baseline -0.001 -19"><span class='ocrx_word' id='word_1_193' title='bbox 292 2908 351 2968; x_wconf 88' lang='lat' dir='ltr'><strong>ne,</strong></span> <span class='ocrx_word' id='word_1_194' title='bbox 375 2887 487 2969; x_wconf 87' lang='lat' dir='ltr'><strong>inquit,</strong></span> <span class='ocrx_word' id='word_1_195' title='bbox 510 2906 591 2952; x_wconf 88' lang='lat' dir='ltr'><strong>curn</strong></span> <span class='ocrx_word' id='word_1_196' title='bbox 613 2888 901 2953; x_wconf 91' lang='lat' dir='ltr'><strong>mandueaueris</strong></span> <span class='ocrx_word' id='word_1_197' title='bbox 925 2892 962 2952; x_wconf 92' lang='lat' dir='ltr'><strong>et</strong></span> <span class='ocrx_word' id='word_1_198' title='bbox 983 2887 1124 2952; x_wconf 90' lang='lat' dir='ltr'><strong>biberis</strong></span> <span class='ocrx_word' id='word_1_199' title='bbox 1149 2890 1185 2951; x_wconf 92' lang='lat' dir='ltr'><strong>et</strong></span> <span class='ocrx_word' id='word_1_200' title='bbox 1201 2888 1326 2952; x_wconf 88' lang='lat' dir='ltr'><strong>domos</strong></span> <span class='ocrx_word' id='word_1_201' title='bbox 1341 2888 1429 2970; x_wconf 90' lang='lat' dir='ltr'><strong>opti-</strong></span> 
     </span>
     <span class='ocr_line' id='line_1_25' title="bbox 294 2991 1427 3075; baseline 0 -21"><span class='ocrx_word' id='word_1_202' title='bbox 294 3010 370 3055; x_wconf 90' lang='lat' dir='ltr'><strong>mas</strong></span> <span class='ocrx_word' id='word_1_203' title='bbox 393 2992 674 3073; x_wconf 81' lang='lat' dir='ltr'><strong>aedifioaueris,</strong></span> <span class='ocrx_word' id='word_1_204' title='bbox 702 2992 835 3057; x_wconf 90' lang='lat' dir='ltr'><strong>ouibus</strong></span> <span class='ocrx_word' id='word_1_205' title='bbox 859 2996 896 3056; x_wconf 92' lang='lat' dir='ltr'><strong>et</strong></span> <span class='ocrx_word' id='word_1_206' title='bbox 917 2991 1038 3056; x_wconf 91' lang='lat' dir='ltr'><strong>bubus</strong></span> <span class='ocrx_word' id='word_1_207' title='bbox 1061 2993 1141 3057; x_wconf 90' lang='lat' dir='ltr'><strong>tuis</strong></span> <span class='ocrx_word' id='word_1_208' title='bbox 1164 2992 1427 3075; x_wconf 90' lang='lat' dir='ltr'><strong>multiplicatis</strong></span> 
     </span>
    </p>
   </div>
   <div class='ocr_carea' id='block_1_3' title="bbox 187 3095 1462 3806">
    <p class='ocr_par' dir='ltr' id='par_1_9' title="bbox 241 3095 1462 3492">
     <span class='ocr_line' id='line_1_26' title="bbox 241 3095 1428 3179; baseline 0.002 -22"><span class='ocrx_word' id='word_1_209' title='bbox 241 3119 267 3159; x_wconf 79' lang='lat'><strong>25</strong></span> <span class='ocrx_word' id='word_1_210' title='bbox 294 3100 330 3160; x_wconf 92' lang='lat' dir='ltr'><strong>et</strong></span> <span class='ocrx_word' id='word_1_211' title='bbox 352 3099 507 3179; x_wconf 88' lang='lat' dir='ltr'><strong>argento</strong></span> <span class='ocrx_word' id='word_1_212' title='bbox 531 3100 567 3160; x_wconf 91' lang='lat' dir='ltr'><strong>et</strong></span> <span class='ocrx_word' id='word_1_213' title='bbox 590 3114 676 3162; x_wconf 89' lang='lat' dir='ltr'><strong>auro</strong></span> <span class='ocrx_word' id='word_1_214' title='bbox 700 3096 906 3161; x_wconf 88' lang='lat' dir='ltr'><strong>extollatur</strong></span> <span class='ocrx_word' id='word_1_215' title='bbox 929 3114 990 3161; x_wconf 91' lang='lat' dir='ltr'><strong>eor·</strong></span> <span class='ocrx_word' id='word_1_216' title='bbox 1012 3100 1116 3160; x_wconf 91' lang='lat' dir='ltr'><strong>tuum</strong></span> <span class='ocrx_word' id='word_1_217' title='bbox 1140 3099 1175 3161; x_wconf 91' lang='lat' dir='ltr'><strong>et</strong></span> <span class='ocrx_word' id='word_1_218' title='bbox 1194 3095 1428 3160; x_wconf 86' lang='lat' dir='ltr'><strong>obliuiscaris</strong></span> 
     </span>
     <span class='ocr_line' id='line_1_27' title="bbox 294 3199 1427 3283; baseline -0.001 -20"><span class='ocrx_word' id='word_1_219' title='bbox 294 3200 434 3263; x_wconf 92' lang='lat' dir='ltr'><strong>domini</strong></span> <span class='ocrx_word' id='word_1_220' title='bbox 456 3200 516 3263; x_wconf 92' lang='lat' dir='ltr'><strong>dei</strong></span> <span class='ocrx_word' id='word_1_221' title='bbox 538 3200 600 3264; x_wconf 90' lang='lat' dir='ltr'><strong>tui.</strong></span> <span class='ocrx_word' id='word_1_222' title='bbox 648 3201 828 3283; x_wconf 90' lang='lat' dir='ltr'><strong>praeposuit</strong></span> <span class='ocrx_word' id='word_1_223' title='bbox 851 3200 1045 3283; x_wconf 90' lang='lat' dir='ltr'><strong>corruptelae</strong></span> <span class='ocrx_word' id='word_1_224' title='bbox 1068 3200 1251 3264; x_wconf 89' lang='lat' dir='ltr'><strong>diuitiarum</strong></span> <span class='ocrx_word' id='word_1_225' title='bbox 1275 3199 1427 3263; x_wconf 91' lang='lat' dir='ltr'><strong>edacitatis</strong></span> 
     </span>
     <span class='ocr_line' id='line_1_28' title="bbox 294 3294 1462 3388; baseline -0.001 -22"><span class='ocrx_word' id='word_1_226' title='bbox 294 3304 528 3385; x_wconf 86' lang='lat' dir='ltr'><strong>enormitatem,</strong></span> <span class='ocrx_word' id='word_1_227' title='bbox 559 3296 610 3368; x_wconf 90' lang='lat' dir='ltr'><strong>eui</strong></span> <span class='ocrx_word' id='word_1_228' title='bbox 636 3305 722 3387; x_wconf 89' lang='lat' dir='ltr'><strong>ipsae</strong></span> <span class='ocrx_word' id='word_1_229' title='bbox 753 3305 880 3369; x_wconf 92' lang='lat' dir='ltr'><strong>diuitiae</strong></span> <span class='ocrx_word' id='word_1_230' title='bbox 907 3308 1083 3387; x_wconf 89' lang='lat' dir='ltr'><strong>procurant.</strong></span> <span class='ocrx_word' id='word_1_231' title='bbox 1129 3304 1297 3388; x_wconf 89' lang='lat' dir='ltr'><strong>perillam</strong></span> <span class='ocrx_word' id='word_1_232' title='bbox 1320 3304 1428 3367; x_wconf 89' lang='lat' dir='ltr'><strong>seilicet</strong></span> <span class='ocrx_word' id='word_1_233' title='bbox 1459 3294 1462 3301; x_wconf 82' lang='grc'><strong>’</strong></span> 
     </span>
     <span class='ocr_line' id='line_1_29' title="bbox 293 3408 1427 3492; baseline -0.003 -21"><span class='ocrx_word' id='word_1_234' title='bbox 293 3409 501 3472; x_wconf 90' lang='lat' dir='ltr'><strong>incrassatum</strong></span> <span class='ocrx_word' id='word_1_235' title='bbox 526 3413 592 3472; x_wconf 89' lang='lat' dir='ltr'><strong>erat</strong></span> <span class='ocrx_word' id='word_1_236' title='bbox 614 3425 666 3472; x_wconf 92' lang='lat' dir='ltr'><strong>cor</strong></span> <span class='ocrx_word' id='word_1_237' title='bbox 680 3408 797 3492; x_wconf 90' lang='lat' dir='ltr'><strong>populi,</strong></span> <span class='ocrx_word' id='word_1_238' title='bbox 821 3428 860 3472; x_wconf 93' lang='lat' dir='ltr'><strong>ne</strong></span> <span class='ocrx_word' id='word_1_239' title='bbox 876 3408 972 3473; x_wconf 88' lang='lat' dir='ltr'><strong>oculis</strong></span> <span class='ocrx_word' id='word_1_240' title='bbox 989 3410 1110 3473; x_wconf 88' lang='lat' dir='ltr'><strong>uideret</strong></span> <span class='ocrx_word' id='word_1_241' title='bbox 1125 3412 1156 3473; x_wconf 90' lang='lat' dir='ltr'><strong>et</strong></span> <span class='ocrx_word' id='word_1_242' title='bbox 1171 3408 1300 3472; x_wconf 91' lang='lat' dir='ltr'><strong>auribus</strong></span> <span class='ocrx_word' id='word_1_243' title='bbox 1315 3408 1427 3471; x_wconf 89' lang='lat' dir='ltr'><strong>audiret</strong></span> 
     </span>
    </p>

    <p class='ocr_par' dir='ltr' id='par_1_10' title="bbox 187 3511 1426 3596">
     <span class='ocr_line' id='line_1_30' title="bbox 187 3511 1426 3596; baseline -0.003 -20"><span class='ocrx_word' id='word_1_244' title='bbox 187 3514 190 3519; x_wconf 83' lang='grc'><strong>’</strong></span> <span class='ocrx_word' id='word_1_245' title='bbox 295 3516 326 3576; x_wconf 92' lang='lat' dir='ltr'><strong>et</strong></span> <span class='ocrx_word' id='word_1_246' title='bbox 356 3513 447 3577; x_wconf 92' lang='lat' dir='ltr'><strong>corde</strong></span> <span class='ocrx_word' id='word_1_247' title='bbox 478 3513 634 3577; x_wconf 89' lang='lat' dir='ltr'><strong>coniceret</strong></span> <span class='ocrx_word' id='word_1_248' title='bbox 664 3513 805 3596; x_wconf 89' lang='lat' dir='ltr'><strong>adipibus</strong></span> <span class='ocrx_word' id='word_1_249' title='bbox 837 3512 1013 3594; x_wconf 87' lang='lat' dir='ltr'><strong>obstructo,</strong></span> <span class='ocrx_word' id='word_1_250' title='bbox 1045 3531 1122 3595; x_wconf 90' lang='lat' dir='ltr'><strong>quas</strong></span> <span class='ocrx_word' id='word_1_251' title='bbox 1152 3512 1338 3578; x_wconf 89' lang='lat' dir='ltr'><strong>nominatim</strong></span> <span class='ocrx_word' id='word_1_252' title='bbox 1367 3511 1426 3575; x_wconf 89' lang='lat' dir='ltr'><strong>esui</strong></span> 
     </span>
    </p>

    <p class='ocr_par' dir='ltr' id='par_1_11' title="bbox 242 3617 1426 3806">
     <span class='ocr_line' id='line_1_31' title="bbox 242 3617 1426 3701; baseline -0.002 -21"><span class='ocrx_word' id='word_1_253' title='bbox 242 3641 268 3680; x_wconf 81' lang='lat' dir='ltr'><strong>eo</strong></span> <span class='ocrx_word' id='word_1_254' title='bbox 295 3618 426 3682; x_wconf 88' lang='lat' dir='ltr'><strong>abstulit</strong></span> <span class='ocrx_word' id='word_1_255' title='bbox 455 3618 608 3682; x_wconf 92' lang='lat' dir='ltr'><strong>dedocens</strong></span> <span class='ocrx_word' id='word_1_256' title='bbox 631 3618 792 3682; x_wconf 91' lang='lat' dir='ltr'><strong>hominem</strong></span> <span class='ocrx_word' id='word_1_257' title='bbox 817 3619 944 3701; x_wconf 85' lang='lat' dir='ltr'><strong>saginae</strong></span> <span class='ocrx_word' id='word_1_258' title='bbox 969 3619 1102 3683; x_wconf 88' lang='lat' dir='ltr'><strong>studere.</strong></span> <span class='ocrx_word' id='word_1_259' title='bbox 1149 3622 1290 3683; x_wconf 87' lang='lat' dir='ltr'><strong>ceterum</strong></span> <span class='ocrx_word' id='word_1_260' title='bbox 1313 3617 1360 3681; x_wconf 92' lang='lat' dir='ltr'><strong>cui</strong></span> <span class='ocrx_word' id='word_1_261' title='bbox 1380 3633 1426 3679; x_wconf 89' lang='lat' dir='ltr'><strong>cor</strong></span> 
     </span>
     <span class='ocr_line' id='line_1_32' title="bbox 295 3719 1425 3806; baseline -0.003 -20"><span class='ocrx_word' id='word_1_262' title='bbox 295 3725 433 3786; x_wconf 88' lang='lat' dir='ltr'><strong>erectum</strong></span> <span class='ocrx_word' id='word_1_263' title='bbox 463 3722 566 3806; x_wconf 87' lang='lat' dir='ltr'><strong>potius</strong></span> <span class='ocrx_word' id='word_1_264' title='bbox 589 3721 807 3787; x_wconf 89' lang='lat' dir='ltr'><strong>inueniebatur</strong></span> <span class='ocrx_word' id='word_1_265' title='bbox 830 3741 925 3804; x_wconf 90' lang='lat' dir='ltr'><strong>quam</strong></span> <span class='ocrx_word' id='word_1_266' title='bbox 948 3724 1196 3806; x_wconf 86' lang='lat' dir='ltr'><strong>impinguatum,</strong></span> <span class='ocrx_word' id='word_1_267' title='bbox 1228 3722 1281 3804; x_wconf 93' lang='lat' dir='ltr'><strong>qui</strong></span> <span class='ocrx_word' id='word_1_268' title='bbox 1305 3719 1425 3804; x_wconf 66' lang='lat' dir='ltr'><strong>quadrass</strong></span> 
     </span>
    </p>
   </div>
   <div class='ocr_carea' id='block_1_4' title="bbox 399 3920 1247 3990">
    <p class='ocr_par' dir='ltr' id='par_1_12' title="bbox 399 3920 1247 3990">
     <span class='ocr_line' id='line_1_33' title="bbox 399 3920 1247 3990; baseline -0.001 -15"><span class='ocrx_word' id='word_1_269' title='bbox 399 3920 443 3989; x_wconf 94' lang='lat'><strong>11]</strong></span> <span class='ocrx_word' id='word_1_270' title='bbox 462 3921 508 3975; x_wconf 85' lang='lat' dir='ltr'><strong>Ex.</strong></span> <span class='ocrx_word' id='word_1_271' title='bbox 522 3923 564 3986; x_wconf 77' lang='lat'><strong>32,</strong></span> <span class='ocrx_word' id='word_1_272' title='bbox 577 3923 600 3976; x_wconf 90' lang='grc'><strong>6.</strong></span> <span class='ocrx_word' id='word_1_273' title='bbox 656 3920 700 3989; x_wconf 89' lang='grc'><strong>19]</strong></span> <span class='ocrx_word' id='word_1_274' title='bbox 719 3920 799 3975; x_wconf 84' lang='lat' dir='ltr'><strong>Deut.</strong></span> <span class='ocrx_word' id='word_1_275' title='bbox 813 3922 854 3986; x_wconf 84' lang='lat'><strong>32,</strong></span> <span class='ocrx_word' id='word_1_276' title='bbox 869 3923 908 3977; x_wconf 83' lang='lat'><strong>15.</strong></span> <span class='ocrx_word' id='word_1_277' title='bbox 963 3920 1008 3990; x_wconf 82' lang='lat'><strong>23]</strong></span> <span class='ocrx_word' id='word_1_278' title='bbox 1028 3920 1091 3976; x_wconf 87' lang='lat' dir='ltr'><strong>ibid.</strong></span> <span class='ocrx_word' id='word_1_279' title='bbox 1106 3923 1130 3985; x_wconf 91' lang='lat'><strong>8,</strong></span> <span class='ocrx_word' id='word_1_280' title='bbox 1145 3922 1177 3977; x_wconf 85' lang='lat'><strong>12</strong></span> <span class='ocrx_word' id='word_1_281' title='bbox 1191 3935 1247 3990; x_wconf 86' lang='lat' dir='ltr'><strong>sqq.</strong></span> 
     </span>
    </p>
   </div>
   <div class='ocr_carea' id='block_1_5' title="bbox 295 4102 1426 4434">
    <p class='ocr_par' dir='ltr' id='par_1_13' title="bbox 295 4102 1426 4434">
     <span class='ocr_line' id='line_1_34' title="bbox 339 4102 1426 4173; baseline -0.005 -14"><span class='ocrx_word' id='word_1_282' title='bbox 339 4107 352 4159; x_wconf 95' lang='lat'>1</span> <span class='ocrx_word' id='word_1_283' title='bbox 381 4104 505 4171; x_wconf 84' lang='lat' dir='ltr'><strong>castigati</strong></span> <span class='ocrx_word' id='word_1_284' title='bbox 533 4122 548 4157; x_wconf 87' lang='lat' dir='ltr'><strong>a</strong></span> <span class='ocrx_word' id='word_1_285' title='bbox 577 4105 640 4159; x_wconf 80' lang='lat' dir='ltr'><strong>Gal:</strong></span> <span class='ocrx_word' id='word_1_286' title='bbox 667 4102 822 4173; x_wconf 85' lang='lat' dir='ltr'><strong>castiganda</strong></span> <span class='ocrx_word' id='word_1_287' title='bbox 850 4104 877 4159; x_wconf 94' lang='lat' dir='ltr'><em>B</em></span> <span class='ocrx_word' id='word_1_288' title='bbox 947 4106 964 4159; x_wconf 79' lang='lat'>4</span> <span class='ocrx_word' id='word_1_289' title='bbox 987 4102 1138 4158; x_wconf 88' lang='lat' dir='ltr'><strong>enuntiabit</strong></span> <span class='ocrx_word' id='word_1_290' title='bbox 1162 4104 1226 4160; x_wconf 81' lang='lat' dir='ltr'><strong>Get:</strong></span> <span class='ocrx_word' id='word_1_291' title='bbox 1253 4102 1426 4158; x_wconf 89' lang='lat' dir='ltr'><strong>nuntiabitB</strong></span> 
     </span>
     <span class='ocr_line' id='line_1_35' title="bbox 296 4188 1425 4261; baseline -0.003 -16"><span class='ocrx_word' id='word_1_292' title='bbox 296 4194 421 4245; x_wconf 90' lang='lat' dir='ltr'><strong>5sensus</strong></span> <span class='ocrx_word' id='word_1_293' title='bbox 440 4192 511 4245; x_wconf 84' lang='lat' dir='ltr'><strong>Pom</strong></span> <span class='ocrx_word' id='word_1_294' title='bbox 563 4190 715 4245; x_wconf 72' lang='lat' dir='ltr'><strong>osio-sio</strong></span> <span class='ocrx_word' id='word_1_295' title='bbox 733 4194 795 4261; x_wconf 70' lang='lat' dir='ltr'><strong>fort.</strong></span> <span class='ocrx_word' id='word_1_296' title='bbox 851 4191 1068 4260; x_wconf 86' lang='lat' dir='ltr'><strong>8decoquendis</strong></span> <span class='ocrx_word' id='word_1_297' title='bbox 1093 4192 1157 4246; x_wconf 81' lang='lat' dir='ltr'><strong>Get:</strong></span> <span class='ocrx_word' id='word_1_298' title='bbox 1184 4191 1217 4244; x_wconf 89' lang='lat' dir='ltr'><strong>de</strong></span> <span class='ocrx_word' id='word_1_299' title='bbox 1244 4188 1425 4258; x_wconf 87' lang='lat' dir='ltr'><strong>coquendisB</strong></span> 
     </span>
     <span class='ocr_line' id='line_1_36' title="bbox 295 4274 1426 4345; baseline -0.004 -14"><span class='ocrx_word' id='word_1_300' title='bbox 295 4279 486 4331; x_wconf 83' lang='lat' dir='ltr'><strong>9exaeetuans</strong></span> <span class='ocrx_word' id='word_1_301' title='bbox 509 4276 537 4345; x_wconf 85' lang='lat'><strong>0,</strong></span> <span class='ocrx_word' id='word_1_302' title='bbox 556 4281 680 4330; x_wconf 80' lang='lat' dir='ltr'><strong>aestuans</strong></span> <span class='ocrx_word' id='word_1_303' title='bbox 699 4279 726 4332; x_wconf 90' lang='lat' dir='ltr'><em>B</em></span> <span class='ocrx_word' id='word_1_304' title='bbox 781 4280 813 4332; x_wconf 87' lang='lat'><strong>16</strong></span> <span class='ocrx_word' id='word_1_305' title='bbox 832 4278 859 4330; x_wconf 92' lang='lat' dir='ltr'><strong>in</strong></span> <span class='ocrx_word' id='word_1_306' title='bbox 878 4293 908 4330; x_wconf 91' lang='lat' dir='ltr'><strong>eo</strong></span> <span class='ocrx_word' id='word_1_307' title='bbox 923 4279 973 4333; x_wconf 85' lang='lat' dir='ltr'><strong>Gel</strong></span> <span class='ocrx_word' id='word_1_308' title='bbox 1027 4281 1059 4334; x_wconf 88' lang='lat'><strong>19</strong></span> <span class='ocrx_word' id='word_1_309' title='bbox 1079 4277 1190 4345; x_wconf 86' lang='lat' dir='ltr'><strong>deputat</strong></span> <span class='ocrx_word' id='word_1_310' title='bbox 1206 4279 1258 4335; x_wconf 83' lang='lat' dir='ltr'><strong>Ura</strong></span> <span class='ocrx_word' id='word_1_311' title='bbox 1311 4280 1342 4333; x_wconf 78' lang='lat'><strong>27</strong></span> <span class='ocrx_word' id='word_1_312' title='bbox 1359 4274 1426 4328; x_wconf 88' lang='lat' dir='ltr'><strong>illam</strong></span> 
     </span>
     <span class='ocr_line' id='line_1_37' title="bbox 295 4362 1204 4434; baseline 0.002 -17"><span class='ocrx_word' id='word_1_313' title='bbox 295 4364 408 4434; x_wconf 75' lang='lat' dir='ltr'><strong>scripsi:</strong></span> <span class='ocrx_word' id='word_1_314' title='bbox 425 4362 473 4416; x_wconf 88' lang='lat' dir='ltr'><strong>illa</strong></span> <span class='ocrx_word' id='word_1_315' title='bbox 491 4365 526 4430; x_wconf 90' lang='lat' dir='ltr'><strong>B,</strong></span> <span class='ocrx_word' id='word_1_316' title='bbox 544 4363 604 4417; x_wconf 89' lang='lat' dir='ltr'><strong>illas</strong></span> <span class='ocrx_word' id='word_1_317' title='bbox 625 4365 675 4419; x_wconf 82' lang='lat' dir='ltr'><strong>Gel</strong></span> <span class='ocrx_word' id='word_1_318' title='bbox 728 4366 760 4419; x_wconf 88' lang='lat'><strong>31</strong></span> <span class='ocrx_word' id='word_1_319' title='bbox 780 4366 902 4417; x_wconf 88' lang='lat' dir='ltr'><strong>enectum</strong></span> <span class='ocrx_word' id='word_1_320' title='bbox 925 4364 948 4418; x_wconf 82' lang='lat'><em>0</em></span> <span class='ocrx_word' id='word_1_321' title='bbox 998 4364 1043 4432; x_wconf 90' lang='lat' dir='ltr'><strong>qui</strong></span> <span class='ocrx_word' id='word_1_322' title='bbox 1062 4383 1112 4421; x_wconf 87' lang='lat' dir='ltr'><strong>om.</strong></span> <span class='ocrx_word' id='word_1_323' title='bbox 1132 4366 1204 4420; x_wconf 85' lang='lat' dir='ltr'><strong>Pom</strong></span> 
     </span>
    </p>
   </div>
   <div class='ocr_carea' id='block_1_6' title="bbox 0 0 1604 5028">
    <p class='ocr_par' dir='ltr' id='par_1_14' title="bbox 0 0 1604 5028">
     <span class='ocr_line' id='line_1_38' title="bbox 0 0 1604 5028; baseline 0 0"><span class='ocrx_word' id='word_1_324' title='bbox 0 0 1604 5028; x_wconf 95' lang='lat' dir='ltr'><strong> </strong></span> 
     </span>
    </p>
   </div>
  </div>
 </body>
</html>
