3200 5034
287 438 351 503 254
521 438 635 505 Quinti
655 438 793 508 Septimi
812 438 979 492 Florentia
999 438 1199 492 Tertulliani

287 614 340 695 qui
363 615 508 679 deiecerit
531 633 603 678 eum
626 614 664 677 de
687 632 814 697 corpore
838 632 893 678 suo
917 618 949 678 et
971 614 1098 697 quidem
1120 633 1175 697 per
1198 613 1360 678 incestum.
1399 614 1424 676 si

286 718 333 782 uis
357 737 484 783 omnem
507 720 652 783 notitiam
675 720 808 802 apostoli
830 717 965 799 ebibere,
989 723 1024 783 ut
1043 719 1219 802 intellegas,
1244 722 1359 801 quauta
1377 736 1424 780 se-

285 842 357 887 cure
380 842 530 888 censurae
553 842 680 888 omnem
704 825 816 888 siluam
840 824 1005 888 libidinum
1029 823 1139 887 caedat
1170 827 1202 887 et
1233 823 1365 887 eradicet
1395 825 1423 884 et

286 929 474 1009 excaudicet,
497 948 536 992 ne
556 929 727 1011 quidquam
747 929 785 991 de
805 929 941 992 recidiua
961 928 1111 992 fruticare
1131 927 1304 1010 permittat,
1324 926 1422 1009 aspice

234 1059 247 1098 s
285 1033 375 1097 illum
399 1051 418 1097 a
439 1034 523 1097 iusta
544 1033 633 1117 fruge
658 1036 798 1113 naturae,
823 1051 842 1096 a
864 1034 1055 1097 matrimonii
1078 1033 1145 1096 dico
1171 1048 1275 1116 pomo,
1306 1032 1422 1094 animas

284 1138 421 1201 ieiunare
442 1138 630 1222 cupientem.
669 1138 710 1201 de
734 1136 869 1219 quibus
893 1142 1017 1202 autem
1041 1136 1269 1220 scripsistis,
1292 1134 1421 1199 bonum

285 1246 343 1306 est
365 1242 506 1305 homini
530 1242 723 1306 mulierem
746 1260 817 1305 uon
841 1242 1075 1325 contingere;
1100 1242 1162 1305 sed
1185 1244 1337 1323 propter
1355 1240 1422 1303 for-

285 1346 511 1410 nicationem
528 1347 787 1428 uuusquisque
800 1364 950 1411 uxorem
963 1364 1067 1410 suam
1083 1345 1233 1417 habeam
1251 1345 1308 1408 uir
1324 1343 1421 1407 uxori

286 1454 322 1514 et
344 1468 432 1515 uxor
451 1450 532 1513 uiro
548 1450 714 1514 debitum
730 1451 869 1515 reddat.
909 1450 1002 1514 huius
1018 1450 1093 1515 boui
1109 1450 1239 1514 fibulam
1255 1449 1324 1530 quis
1339 1449 1421 1512 illum

233 1581 259 1619 lo
285 1555 405 1618 nesciat
427 1555 564 1617 inuitum
587 1555 753 1633 relaxasse,
777 1558 814 1618 ut
836 1554 1032 1619 fornicationi
1048 1555 1173 1619 obuiam
1190 1556 1295 1617 esset?
1333 1570 1421 1635 quarn

285 1658 383 1722 sicui
406 1658 537 1721 indulsit
559 1659 610 1722 uel
632 1659 783 1741 indulget,
816 1660 923 1741 utique
955 1659 1120 1723 consilium
1151 1657 1281 1723 remedii
1310 1658 1358 1720 sui
1378 1658 1421 1719 in-

284 1762 379 1846 fregit
412 1765 444 1825 et
479 1762 638 1826 tenebitur
670 1763 733 1826 iam
763 1762 924 1827 frenandis
958 1763 1168 1828 continentiae
1202 1762 1366 1844 coniugiis,
1398 1761 1421 1824 si

284 1866 456 1947 fornicatio,
488 1864 527 1930 ob
559 1884 652 1948 quarn
679 1868 920 1949 permittuntur,
952 1885 1012 1932 uon
1043 1868 1211 1932 timebitur.
1253 1885 1315 1931 non
1345 1866 1421 1929 euim

284 1969 445 2033 timebitur
476 1989 554 2052 quae
584 1970 773 2053 ignoscetur.
818 1975 848 2035 et
878 1975 984 2035 tamen
1015 1972 1173 2055 ignouisse
1204 1990 1238 2035 se
1268 1970 1422 2054 profitetur

233 2100 259 2138 15
285 2074 476 2137 matrimonii
498 2093 602 2154 usum,
633 2091 695 2137 nou
718 2075 898 2156 imperasse.
937 2077 1007 2140 uult
1030 2076 1114 2140 enim
1137 2094 1247 2140 omues
1272 2073 1332 2138 sibi
1358 2092 1421 2137 esse

285 2178 440 2259 aequales.
472 2178 596 2259 quando
613 2182 720 2242 autem
734 2179 823 2243 licita
837 2180 1053 2262 ignoscuntur,
1076 2180 1195 2244 inlicita
1211 2180 1264 2263 qui
1281 2180 1421 2262 sperant?

284 2281 424 2364 innuptis
447 2300 570 2364 quoque
594 2286 625 2346 et
647 2283 750 2346 uiduis
773 2282 892 2349 bonurn
916 2303 984 2348 esse
1008 2285 1084 2348 dicit
1107 2285 1248 2367 exemplo
1272 2284 1336 2347 eius
1359 2301 1421 2365 per-

285 2404 439 2466 seuerare,
453 2386 480 2449 si
492 2404 566 2450 uero
579 2386 756 2467 deficerent,
769 2388 901 2463 nubere3
919 2389 991 2469 quia
1003 2392 1155 2472 praeest
1166 2388 1307 2451 nubere
1319 2396 1420 2469 quarn

285 2490 350 2553 nri.
389 2490 513 2572 quibus,
537 2508 601 2570 oro,
625 2490 750 2574 ignibus
774 2492 911 2556 deterius
935 2496 982 2557 est
1004 2493 1061 2573 uri,
1086 2492 1354 2575 concupiscentiae
1383 2508 1418 2554 an

233 2622 259 2658 a
285 2597 424 2676 poenae?
463 2595 570 2675 atquin
594 2596 619 2658 si
642 2596 805 2660 fornicatio
828 2596 923 2661 habet
946 2598 1081 2677 neniam,
1106 2616 1166 2661 non
1190 2597 1291 2661 uritur
1314 2612 1419 2660 concu-

285 2698 438 2780 piscentia
461 2700 537 2762 eins.
575 2700 707 2781 apostoli
737 2704 843 2763 autem
867 2702 967 2784 magis
991 2705 1041 2765 est
1062 2720 1179 2784 poenae
1207 2700 1333 2784 ignibus
1355 2716 1420 2782 pro·

285 2802 401 2866 uidere.
441 2803 522 2884 quod
547 2803 573 2866 si
595 2821 697 2886 poena
719 2808 768 2868 est
789 2824 868 2888 quae
892 2806 963 2886 urit,
995 2824 1068 2889 ergo
1091 2806 1215 2870 ueniam
1239 2822 1302 2868 uon
1332 2802 1421 2867 habet

285 2906 458 2987 fornicatio,
482 2926 577 2989 quarn
601 2912 709 2972 manet
730 2927 840 2990 poena.
878 2909 998 2973 interea
1018 2913 1049 2973 et
1069 2909 1240 2974 diuortium
1259 2908 1419 2992 prohibens

286 3029 341 3093 pro
365 3029 400 3074 eo
423 3014 478 3075 aut
499 3012 663 3076 uiduitatis
686 3014 953 3095 perseuerantiam
974 3018 1028 3078 aut
1042 3013 1326 3077 reconciliationem
1341 3010 1419 3094 pacis

233 3142 259 3179 a
286 3115 439 3179 dominico
462 3120 626 3199 praecepto
650 3118 800 3181 aduersus
821 3118 996 3182 moechiam
1016 3122 1170 3201 procurat,
1195 3118 1269 3198 quia
1292 3116 1353 3199 qui
1375 3115 1420 3178 di-

287 3220 435 3283 miserit
465 3239 613 3284 nxorem
643 3226 793 3304 praeter
823 3240 972 3286 causam
996 3222 1198 3303 moechiae,
1228 3222 1420 3286 faciteam

287 3324 491 3404 moechari,
523 3329 558 3389 et
587 3326 650 3406 qui
680 3326 873 3391 dimissam
904 3345 923 3390 a
953 3327 1032 3391 uiro
1056 3328 1173 3407 ducit,
1200 3326 1419 3390 moechatur.

286 3431 405 3509 quauta
427 3430 566 3493 remedia
588 3430 715 3512 spiritus
739 3434 867 3495 sanctus
891 3432 1053 3512 instaurat,
1077 3451 1116 3495 ne
1139 3431 1170 3495 id
1193 3431 1313 3494 scilicet
1328 3430 1421 3493 denuo

286 3528 472 3596 admittatur
493 3533 575 3614 quod
599 3534 718 3617 ignosci
741 3535 842 3599 denuo
866 3553 928 3600 nou
952 3537 1042 3600 uult?
1066 3536 1128 3599 iam
1153 3536 1179 3599 si
1201 3551 1420 3616 usquequaque

390 3660 418 3729 d]
440 3663 452 3715 1
473 3660 570 3724 Cori,
586 3663 597 3715 1
613 3678 668 3730 sqq.
724 3664 768 3731 18]
789 3666 801 3718 1
823 3663 882 3718 Cor.
895 3666 919 3727 7,
933 3667 956 3719 9.
1011 3664 1056 3733 25]
1076 3663 1173 3718 Matth.
1187 3668 1211 3728 5,
1224 3665 1265 3719 32.

330 3773 444 3827 2securi
458 3774 508 3828 Gal
560 3775 742 3830 dexcaudicet
755 3778 819 3832 Gal:
837 3777 899 3831 audi
912 3778 939 3832 Β
991 3778 1118 3832 fruticare
1131 3776 1421 3833 Pom:fructiticareB

285 3860 459 3927 permittatur
482 3861 625 3917 Hartelius
696 3862 783 3932 aspice
809 3865 872 3919 Gal:
898 3867 930 3918 ut
953 3864 1065 3933 aspicias
1087 3867 1122 3933 Β,
1150 3864 1262 3934 aspicias
1285 3865 1421 3921 Humidus

286 3949 302 3999 d
325 3947 469 4016 scripsistis
496 3950 562 4003 Urs:
583 3949 689 4017 scriptis
711 3951 746 4017 Β,
769 3950 887 4005 scribitis
910 3953 961 4007 Gal
1034 3956 1066 4008 10
1092 3952 1156 4006 isset
1183 3954 1264 4022 Pam,
1290 3953 1342 4007 iret
1363 3951 1422 4007 Saul

287 4036 318 4089 11
332 4034 442 4102 infregit
451 4035 511 4102 ΒΟ,
525 4035 650 4105 infringit
659 4037 709 4091 Gal
746 4040 777 4093 15
791 4055 847 4092 csse
860 4038 980 4107 aequales
990 4041 1025 4109 B,
1038 4040 1179 4094 adhaerere
1190 4040 1241 4095 Get
1279 4043 1311 4095 16
1323 4037 1421 4107 quando

290 4120 431 4175 Oeblenm:
452 4121 526 4175 Adae
549 4124 584 4190 Β,
607 4124 629 4175 si
653 4125 704 4179 Gal
774 4129 882 4194 sperant
904 4126 1006 4194 ignosci
1032 4129 1095 4195 fort.
1169 4129 1201 4182 18
1228 4112 1347 4197 praestat
1371 4128 1422 4181 Lat

286 4209 320 4261 20
338 4207 426 4261 uritur
443 4211 554 4277 scripsi:
577 4211 628 4263 erit
646 4212 681 4279 Β,
700 4211 755 4264 urit
772 4214 837 4280 Ian,
856 4217 915 4266 uret
933 4215 997 4281 Lat,
1017 4213 1102 4267 deerit
1119 4216 1263 4269 Hcrtela'us
1333 4232 1420 4269 concu-

286 4293 429 4361 piscentiae
449 4297 592 4350 Harfela'us
662 4301 693 4352 21
716 4298 828 4366 apostoli
850 4302 912 4355 Gal:
930 4301 1078 4370 apostolum
1097 4303 1125 4356 Β
1194 4304 1229 4357 23
1252 4306 1343 4357 manet
1366 4304 1422 4358 cer:

287 4380 375 4433 inuret
393 4382 421 4435 B
