3200 5034
562 1243 1016 1346 PRAEFATIO.

266 1620 310 1723 Q·
329 1650 460 1734 Septimi
480 1651 632 1715 Florentis
657 1650 841 1715 Tertulliani
863 1650 1014 1714 librorum
1036 1649 1258 1729 recensionem,
1282 1667 1359 1731 opus

223 1757 355 1820 arduum
385 1755 522 1838 profecto
554 1760 585 1818 et
614 1754 787 1819 innumeris
818 1754 882 1818 fere
913 1753 1149 1817 difficultatibus
1172 1753 1366 1831 inuolutum,

223 1861 276 1942 qui
305 1863 377 1922 ante
408 1859 539 1942 longum
565 1859 713 1941 temporis
737 1859 875 1940 spatium
898 1877 931 1921 se
954 1859 1177 1940 praestiturum
1201 1876 1268 1920 esse
1290 1875 1361 1938 pro-

224 1965 353 2028 miserat
376 1965 573 2044 multumque
596 1964 635 2026 ad
658 1981 728 2026 eam
750 1963 995 2046 promouendam
1019 1965 1050 2025 et
1068 1961 1183 2025 laboris
1200 1965 1231 2024 et
1245 1960 1362 2043 ingenii

224 2069 408 2148 contulerat,
424 2066 618 2150 Augustus
634 2067 926 2156 Reifferscheid,
950 2085 1022 2129 oum
1037 2069 1110 2130 ante
1125 2052 1360 2129 hoc'biennium

223 2175 423 2253 praematura
452 2174 553 2236 morte
584 2191 620 2234 er
650 2171 867 2253 semiperfecto
898 2189 990 2252 opere
1013 2173 1206 2249 enecaretur,
1236 2169 1362 2250 reliquit

222 2278 346 2356 praeter
368 2274 558 2338 conlationes
580 2275 722 2337 codicum
737 2273 931 2357 Agebardini
945 2273 1214 2355 Montepessulani
1230 2273 1361 2335 aliorum

223 2379 321 2461 ipsius
346 2379 488 2442 editionis
510 2379 659 2442 uolumen
681 2379 818 2461 primum
841 2377 885 2442 ita
905 2377 1109 2458 elaboratum,
1134 2381 1169 2440 ut
1183 2377 1291 2459 paucis
1307 2379 1362 2439 aut

225 2483 353 2546 mutatis
377 2486 431 2547 aut
454 2483 566 2546 additis
589 2483 674 2565 prelo
697 2483 779 2546 tradi
800 2486 915 2565 posset.
951 2483 1033 2564 quod
1056 2485 1090 2545 ut
1113 2481 1360 2564 quamproxime

224 2586 312 2652 fieret
334 2587 559 2651 consulendum
583 2605 651 2650 esse
675 2587 865 2666 censuimus,
898 2587 952 2667 qui
976 2586 1071 2650 tantis
1093 2587 1232 2649 uirorum
1256 2586 1361 2648 docto·
1462 2634 1466 2640 ,

120 2733 122 2735 -
224 2711 294 2755 rum
318 2692 477 2755 desideriis
500 2709 614 2755 nouam
631 2691 818 2754 Tertulliani
833 2709 962 2772 operum
977 2691 1190 2754 recensionem
1206 2689 1361 2772 expectari

225 2797 411 2877 uideremus
444 2797 598 2876 simulque
628 2814 695 2858 rem
725 2795 769 2858 ita
801 2814 870 2858 esse
900 2795 1134 2875 instituendam,
1166 2797 1200 2857 ut
1226 2793 1362 2874 nequid

225 2900 470 2964 Reifferscheidii
499 2900 617 2964 meritis
648 2899 862 2963 detraheretur
892 2901 1026 2981 talisque
1055 2899 1190 2981 prodiret
1216 2899 1292 2962 haec
1314 2918 1363 2961 re-

120 3047 123 3052 ,
225 3007 346 3098 censio,
361 3007 485 3086 qualem
508 3006 612 3088 ipsum
636 3022 705 3069 eam
728 3004 886 3068 editmum
908 3004 1005 3068 fuisse
1028 3004 1222 3068 uidebamus.
1257 3004 1363 3084 itaque

225 3111 264 3173 ad
285 3127 360 3190 quos
384 3109 524 3174 editionis
548 3127 622 3172 cura
644 3109 786 3191 peruenit
801 3109 846 3172 ita
862 3108 1032 3172 distributis
1049 3107 1158 3185 officiis
1174 3109 1305 3191 egimus,
1329 3110 1364 3170 ut

223 3204 433 3277 'Alexander
457 3213 731 3277 Reifferscheid
751 3211 1069 3296 GryphiswaldensiS,
1092 3208 1234 3275 'defuncti
1257 3212 1383 3290 frater,

227 3321 393 3401 apparatus
423 3318 521 3381 critici
547 3336 620 3380 cum
642 3317 717 3400 ipsis
741 3318 883 3382 codicum
906 3316 1132 3381 conlationibus
1156 3317 1256 3379 denuo
1279 3333 1364 3379 com-

226 3423 357 3505 parandi
387 3441 500 3486 munus
529 3423 711 3505 susciperet,
742 3421 951 3487 Guilelmus
974 3422 1108 3485 Hartel
1131 3424 1162 3484 et
1184 3417 1364 3502 Georgius

227 3527 407 3592 Wissoua
429 3531 460 3590 et
482 3527 565 3609 ipsas
584 3527 831 3591 Reifferscheidii
853 3527 983 3591 schedas
1006 3526 1226 3609 relegeremus
1248 3543 1320 3587 cum
1339 3523 1366 3586 si

227 3631 301 3712 quid
332 3635 440 3696 contra
470 3635 629 3695 externam
659 3649 754 3712 quam
777 3632 865 3695 aiunt
886 3630 1140 3712 aequabilitatem
1162 3629 1370 3717 commissum·

229 3740 293 3801 erat
316 3736 505 3820 corrigentes
529 3739 597 3799 tum
620 3754 699 3816 quae
726 3736 911 3819 imperfecta
933 3735 1042 3799 relicta
1064 3737 1152 3798 erant
1174 3734 1365 3816 supplentes,

181 3875 183 3878 ·
229 3844 259 3905 et
282 3841 314 3904 in
334 3841 469 3924 plagulis
490 3840 679 3923 corrigendis
700 3841 866 3904 coniuncta
880 3858 975 3924 opera
990 3838 1235 3911 elaboraremus;
1261 3855 1366 3900 emen·

229 3947 369 4010 dationes
393 3964 466 4010 uero
491 3949 522 4009 et
545 3946 738 4009 coniecturas
761 3950 885 4009 nostras
910 3927 1092 4008 addidimus
1104 3960 1166 4018 non
1187 3942 1231 4005 ita
1250 3958 1366 4023 paucas

229 4070 298 4115 eam
322 4053 483 4115 seruantes
506 4050 620 4134 legem,
643 4052 679 4113 ut
701 4051 804 4113 nullas
828 4050 936 4112 autin
960 4047 1127 4111 uerborum
1150 4049 1270 4110 textum
1290 4045 1367 4108 reci-

227 4177 388 4241 paremus¹
406 4156 518 4220 autin
545 4159 696 4238 apparatu
720 4155 825 4218 critico
849 4169 1176 4231 commemoraremus,
1206 4149 1267 4213 nisi
1290 4167 1367 4230 quas

228 4281 284 4325 nos
300 4263 395 4325 ctiam
410 4261 469 4343 ipsi
484 4259 747 4340 Reifferscheidio,
772 4259 798 4322 si
814 4258 879 4321 fata
895 4258 1051 4336 siuissent,
1071 4255 1256 4338 probaturos
1272 4254 1368 4317 fuisse

229 4365 465 4430 confideremus.
510 4384 643 4447 quarum
667 4364 694 4428 si
717 4381 798 4453 quae
819 4363 968 4444 ampliore
998 4361 1199 4443 explicatione
1228 4359 1370 4440 indigent
