3200 5034
208 503 211 509 ·
274 464 295 526 4
502 464 622 530 Quinti
641 464 781 534 Septimi
799 464 967 517 Florentia
985 464 1186 518 Tertulliani

277 639 316 702 ad
338 657 452 722 uagam
474 641 582 720 uitam,
611 644 665 704 aut
688 641 816 724 spiritus
838 641 906 704 ideo
928 640 1041 703 insitus
1062 632 1198 723 ,corpori
1229 642 1264 703 ut
1284 639 1415 723 insidia-

275 762 357 824 rum,
387 747 422 807 ut
444 743 616 824 fraudium,
646 747 681 808 ut
711 744 924 826 iniquitatium
953 743 1175 826 cogitatorium
1205 742 1307 827 fieret,
1352 760 1415 806 non

276 847 393 929 opinor.
426 865 500 911 nam
523 849 550 911 si
573 866 698 913 omnem
721 849 951 932 malignitatem
974 847 1047 911 etsi
1071 848 1170 931 etiam
1194 847 1347 910 malitiam
1363 864 1416 909 er·
1515 874 1517 877 ·

275 952 449 1036 cogitatam
465 952 541 1016 deus
558 957 680 1017 exactor
695 953 892 1017 innocentiae
908 952 981 1032 odit,
996 952 1171 1016 indubitate
1189 969 1417 1035 ,quaecumque¹

236 1071 248 1110 ὁ
276 1056 412 1121 condidit
428 1075 490 1120 non
505 1058 538 1121 in
554 1058 671 1121 exitum
691 1076 821 1141 operum
836 1060 960 1121 constat
976 1057 1151 1120 condidisse
1168 1075 1255 1142 ,quae
1271 1057 1414 1139 damnat,

274 1160 347 1223 licet
362 1161 470 1224 eadem
494 1179 588 1244 opera
609 1182 665 1246 per
681 1180 716 1225 ea
732 1180 812 1244 quae
835 1161 973 1226 condidit
993 1161 1268 1246 administrentur,
1292 1160 1415 1243 quando

274 1264 351 1328 haec
378 1265 418 1328 sit
441 1268 506 1329 tota
532 1266 612 1331 ratio
636 1266 856 1346 damnationis,
880 1283 1032 1351 peruersa
1055 1265 1286 1350 administratio
1309 1264 1415 1329 condi-

274 1368 367 1433 tionis
388 1387 406 1433 a
426 1370 567 1436 conditis.
604 1388 660 1434 nos
682 1371 787 1454 igitur,
811 1370 864 1452 qui
888 1370 1012 1434 domino
1035 1371 1160 1454 cognito
1181 1369 1283 1453 ,etiam
1303 1387 1416 1454 aemu-

274 1474 341 1537 lum
357 1473 423 1538 eius
439 1475 642 1558 inspeximus
664 1476 718 1557 qui
732 1474 910 1539 institutore
926 1478 1085 1558 comperto
1106 1478 1143 1557 ,et
1157 1473 1416 1558 interpolatorem

223 1591 248 1629 10
275 1596 339 1642 una
361 1578 632 1660 deprehendimus,
663 1597 720 1643 nec
743 1579 850 1643 mirari
878 1597 979 1661 neque
1000 1577 1156 1662 ldubitare,
1177 1581 1312 1661 oportet:
1343 1596 1415 1641 cum

274 1683 378 1764 ipsum
404 1683 577 1763 hominem,
606 1691 682 1766 opus
711 1687 742 1747 et
769 1684 939 1766 imaginem
967 1683 1031 1762 dei,
1062 1679 1175 1767 toltius
1202 1683 1415 1746 uniuersitatis
1435 1687 1455 1741 f.
1463 1691 1498 1742 91

273 1804 496 1868 possessorem,
526 1788 580 1852 illa
607 1789 655 1851 uis
686 1788 921 1870 interpolatoris
953 1790 984 1850 et
1011 1787 1211 1862 aemulatoris
1242 1787 1350 1870 angeli,
1376 1786 1415 1850 ab

274 1891 360 1954 initio
381 1892 418 1954 de
441 1892 620 1975 integritate
643 1892 800 1972 deiecerit,
824 1892 1006 1955 uniuersam
1029 1891 1244 1975 substantiam
1267 1892 1340 1976 eius,
1360 1909 1416 1973 pa-

274 1995 349 2058 riter
371 2014 444 2059 cum
466 1997 534 2079 ipso
556 1997 729 2080 integritati
751 1997 933 2060 institutam
955 1996 1075 2080 pariter
1102 2014 1174 2059 eum
1196 1997 1268 2080 ipso
1290 1996 1323 2059 in
1345 2016 1416 2078 per-

223 2110 247 2150 15
274 2100 456 2164 uersitatem
473 2101 649 2164 demutauit
669 2101 819 2164 aduersus
841 2101 1064 2180 institutorem,
1085 2103 1137 2184 ι111,
1160 2118 1256 2181 qnam
1272 2101 1417 2185 doluerat

206 2255 210 2264 ,
273 2202 394 2266 homini
416 2221 607 2285 concessam,
631 2204 784 2285 nonsibi,
807 2205 840 2268 in
858 2222 894 2268 ea
916 2204 985 2287 ipsa
1009 2207 1039 2267 et
1062 2203 1227 2287 hominem
1249 2223 1337 2268 reum
1354 2205 1419 2288 deo,

274 2306 392 2370 faceret
415 2311 447 2371 et
470 2326 559 2372 suam
583 2309 829 2373 dominationem
852 2309 1026 2372 collocaret.

318 2409 347 2474 3.
370 2411 451 2496 ,Hac¹
473 2412 663 2476 conscientia
685 2413 831 2476 instructi
854 2412 1003 2476 aduersus
1027 2411 1205 2495 opinionem
1222 2411 1417 2475 ethnicorum

275 2519 493 2579 connectamur
510 2517 611 2599 magis
628 2516 668 2580 ad
683 2520 860 2580 nostrorum
878 2517 1079 2580 detractatus.
1116 2517 1312 2598 quorundam
1325 2517 1419 2601 enim¹

223 2641 249 2678 20
274 2618 351 2682 fides
383 2623 437 2683 aut
468 2620 638 2703 simplicior
673 2625 726 2684 aut
756 2621 966 2703 scrupulosior
999 2621 1038 2684 ad
1068 2620 1149 2684 hanc
1179 2620 1418 2705 abdicationem

276 2723 524 2805 spectaculorum
548 2725 585 2788 de
609 2725 770 2809 scripturis
795 2725 1012 2790 auctoritatem
1035 2725 1172 2808 exposcit
1199 2728 1291 2809 etse
1314 2726 1347 2788 in
1369 2726 1418 2788 in-

275 2831 403 2913 certum,
430 2815 606 2910 constituit,
643 2831 723 2911 quod
754 2848 816 2894 non
847 2829 1059 2913 significanter
1093 2849 1194 2911 neque
1223 2829 1418 2913 nominatim

275 2933 477 2997 denuntietur
508 2934 606 2998 seruis
638 2934 687 2997 dei
714 2933 905 2999 abstinentia
932 2934 1097 3018 eiusmodi.
1141 2935 1239 3018 planel
1261 2951 1417 3014 nusquam

205 3072 216 3112 ,s
275 3037 465 3118 inuenimus,
489 3039 751 3119 quemadmodum
776 3041 881 3122 aperte
904 3039 1040 3122 positum
1064 3041 1126 3101 est:
1157 3055 1228 3102 non
1248 3037 1416 3122 ,oc,cides,

223 3160 249 3200 aa
276 3159 346 3205 non
377 3142 517 3206 idolum
547 3145 662 3224 coles,
693 3160 764 3207 non
793 3143 1034 3222 adulterium,
1065 3160 1135 3206 non
1163 3141 1331 3205 fraudem
1358 3141 1418 3204 ad-

276 3247 424 3332 mittes,
458 3247 503 3311 ita
533 3251 640 3333 exerte,
670 3246 847 3324 definitum:
882 3264 944 3310 non
975 3246 1035 3311 ibis
1066 3247 1099 3310 in
1130 3246 1261 3326 circum,
1292 3265 1353 3311 non
1384 3247 1417 3311 in

380 3402 425 3471 24]
445 3401 525 3455 uxor.
545 3403 586 3466 ao,
606 3403 738 3458 13.4.14,
754 3404 793 3457 15.

322 3540 459 3610 lcorpori
479 3540 542 3595 eo:
562 3583 688 3594 .......
701 3543 737 3609 A,
761 3556 822 3593 cum
841 3555 949 3608 corpore
967 3540 995 3593 B
1042 3541 1109 3594 2et
1126 3538 1253 3592 fraudum
1276 3542 1303 3592 et
1320 3539 1418 3605 iniqui-

276 3630 363 3680 tatum
375 3628 402 3681 B
444 3629 461 3682 3
474 3627 554 3680 etiam
566 3629 664 3696 scripsi
669 3629 793 3690 :janiam
804 3628 890 3695 (A)B,
903 3629 1010 3680 tantum
1025 3627 1084 3694 Ure,
1097 3642 1203 3679 omnem
1213 3627 1417 3680 E.Klussmcn-

276 3731 336 3780 nus,
349 3716 473 3766 cunctam
483 3715 627 3768 Haitelius
662 3713 841 3782 dgititamA
876 3713 1204 3782 beritumluanumBmp
1238 3727 1346 3781 operum
1354 3711 1419 3766 ceo.-

277 3816 368 3868 operas
387 3802 441 3855 AB
495 3815 560 3867 quos
579 3800 689 3854 damnat
706 3801 733 3853 B
791 3803 920 3868 60perae
938 3801 965 3853 A
1022 3799 1205 3854 8aconditis
1223 3817 1273 3853 om.
1291 3800 1318 3852 A
1370 3798 1418 3865 qui

278 3885 331 3940 dio
343 3888 378 3955 A,
398 3886 462 3954 quid
475 3903 529 3940 non
547 3889 574 3941 B
621 3887 811 3956 9inspicimus
828 3889 855 3942 B
903 3890 930 3940 et
947 3886 1164 3956 interpolatorem
1181 3885 1319 3940 Oeblcrtas:
1335 3884 1419 3938 etiam

277 3972 422 4042 palatorem
441 3975 476 4042 B,
496 4016 621 4028 .......
635 3974 795 4043 ploratorem
814 3975 849 4041 A,
868 3974 950 4027 etiam
968 3972 1184 4043 interpolatorem
1205 3972 1255 4027 eei
1306 3975 1339 4027 10
1356 3972 1418 4040 nee]

278 4075 360 4127 neque
373 4062 401 4114 B
444 4059 602 4115 dubitariB
647 4063 679 4115 12
691 4060 866 4130 interplorato
881 4102 1023 4115 .........
1038 4060 1070 4114 ab
1083 4060 1144 4128 (om.
1158 4063 1185 4112 et
1197 4059 1377 4126 aemulatoris)
1390 4061 1419 4113 A

279 4148 311 4200 13
324 4147 388 4214 quin
399 4147 552 4200 uniuersam
567 4149 618 4204 Urs
661 4148 780 4217 pariter.
795 4192 800 4202 .
816 4190 821 4201 .
835 4148 987 4202 institutam
1000 4166 1050 4202 om.
1061 4149 1088 4202 B
1135 4150 1166 4201 15
1180 4146 1345 4199 demutatam
1360 4147 1420 4214 ceo,

278 4232 423 4287 demutarit
446 4236 497 4289 Urs
552 4236 583 4290 17
603 4234 636 4287 do
656 4233 865 4288 dominationem
884 4236 911 4289 A
966 4237 998 4290 18
1017 4234 1148 4287 instructa
1166 4235 1194 4287 A
1246 4232 1369 4301 opionem
1381 4234 1419 4301 A,

205 4389 207 4394 y
278 4320 453 4388 opinioncsB
499 4323 531 4376 19
550 4323 708 4374 retractatus
726 4323 777 4377 Urs
822 4325 857 4377 20
870 4322 902 4376 ab
915 4322 965 4374 hac
978 4320 1145 4374 abdicatione
1156 4321 1229 4389 Bmp
1272 4322 1307 4374 26
1319 4319 1420 4388 exerte]

278 4410 318 4460 est
336 4411 405 4461 certe
424 4409 480 4476 Rip
532 4408 560 4460 in
580 4408 680 4462 circum
699 4407 750 4461 ibis
768 4410 796 4463 B
