3200 5034
843 1134 899 1218 ΙΧ.

429 1346 493 1411 nn
523 1343 713 1411 rururuo
743 1342 996 1410 Annuusus
1027 1342 1298 1409 1111111111.

340 1556 368 1619 l.
391 1530 530 1622 Mirarer
556 1556 719 1639 psychicos
747 1557 836 1637 istos,
865 1557 891 1620 si
919 1557 985 1620 sola
1011 1556 1134 1619 luxuria
1156 1558 1346 1634 tenerentur,
1372 1572 1432 1635 qua

295 1663 418 1744 saepius
438 1661 573 1741 nubunt,
597 1663 623 1725 si
644 1680 705 1725 non
726 1662 822 1725 etiam
838 1661 978 1744 ingluuie
994 1661 1215 1739 lacerarentur,
1239 1677 1300 1740 qua
1319 1658 1431 1722 ieiunia

254 1791 267 1829 ⁵
294 1766 434 1829 oderunt.
474 1768 650 1830 monstrum
666 1765 785 1830 scilicet
800 1764 967 1829 haberetur
982 1764 1077 1828 libido
1093 1765 1159 1828 sine
1174 1764 1259 1846 gula,
1282 1781 1351 1826 11111
1371 1763 1429 1826 duo

294 1869 370 1932 haec
391 1874 458 1933 tam
480 1870 568 1933 unita
589 1873 682 1951 atque
706 1872 850 1933 concreta
874 1870 946 1949 sint,
970 1871 1006 1932 ut
1029 1870 1055 1931 si
1078 1868 1214 1951 disiungi
1233 1868 1357 1931 omnino
1376 1885 1430 1948 po-

293 1974 438 2054 tuissent,
460 1974 521 2055 ipsi
535 1973 621 2055 prius
637 1974 740 2037 uentri
755 1973 901 2055 pudenda
917 1991 979 2037 non
995 1973 1209 2037 adhaererent.
1246 1974 1351 2054 specta
1365 1988 1429 2033 cor-

292 2096 361 2158 pus,
392 2080 424 2141 et
454 2095 517 2140 1111
546 2078 632 2160 regio
656 2080 713 2141 est.
753 2078 886 2159 denique
909 2096 965 2159 pro
988 2077 1191 2159 dispositione
1220 2076 1428 2139 membrorum

292 2183 365 2245 ordo
380 2182 537 2245 uitiorum.
568 2182 651 2263 prior
671 2185 792 2261 uenter,
816 2186 848 2245 et
864 2182 971 2245 statim
988 2184 1091 2244 cetera
1107 2181 1234 2264 saginae
1255 2179 1428 2243 substructa

241 2312 265 2350 10
292 2286 422 2349 lasciuia
443 2288 513 2375 est;
544 2304 598 2368 per
630 2285 815 2350 edacitatem
846 2286 991 2349 salacitas
1020 2286 1141 2349 transit.
1181 2301 1317 2368 agnosco
1338 2283 1427 2366 igitur

292 2390 461 2454 animalem
491 2388 586 2452 fidem
617 2390 719 2453 studio
750 2391 864 2470 carnis,
895 2408 957 2471 qua
979 2392 1046 2454 tota
1068 2392 1201 2468 constat,
1232 2391 1298 2452 11111
1326 2386 1427 2451 multi-

291 2494 452 2557 uorantiae
483 2511 577 2574 quam
609 2494 871 2558 multinubentiae
893 2512 1035 2576 pronam,
1067 2498 1102 2557 ut
1123 2494 1234 2557 merito
1259 2492 1426 2575 spiritalem

291 2597 486 2679 disciplinam
508 2615 564 2679 pro
588 2597 766 2662 substantia
788 2599 947 2662 aemulam
970 2598 1003 2661 in
1026 2599 1085 2662 1111
1100 2613 1224 2678 quoque
1240 2597 1342 2679 specie
1358 2613 1427 2658 cou-

290 2702 441 2766 tinentiae
471 2705 597 2766 accuset
625 2702 754 2784 perinde
784 2702 876 2784 gulae
900 2702 1003 2766 frenos
1026 2702 1223 2766 imbuentem
1250 2719 1305 2783 per
1329 2700 1425 2763 nullas

240 2831 264 2869 15
291 2805 449 2869 interdum
472 2807 522 2870 uel
546 2824 631 2870 seras
654 2806 705 2869 uel
728 2806 830 2869 aridas
852 2824 951 2885 escas,
975 2805 1240 2886 quemadmodum
1261 2808 1293 2868 ct
1312 2803 1426 2867 libidini

291 2929 346 2993 per
377 2912 484 2974 unicas
514 2912 649 2994 nuptias.
688 2912 777 2994 piget
806 2911 870 2973 iam
900 2929 973 2973 cum
1004 2910 1119 2974 talibus
1149 2909 1305 2992 congredi,
1336 2908 1426 2991 pudet
1500 2964 1503 2967 ,

292 3015 388 3078 etiam
418 3015 456 3078 de
487 3015 531 3078 eis
563 3016 709 3079 altercari
739 3032 874 3095 quorum
907 3032 965 3078 neo
999 3014 1136 3077 defensio
1166 3012 1344 3077 uerecunda
1373 3014 1425 3074 est.

292 3118 446 3200 quomodo
469 3120 552 3182 enim
579 3123 743 3202 protegam
766 3119 943 3183 castitatem
967 3121 998 3181 et
1027 3118 1227 3182 sobrietatem
1255 3117 1427 3181 111111111-

291 3223 374 3286 tione
398 3222 669 3287 aduersariorum?
697 3223 825 3305 quinam
848 3223 901 3286 isti
924 3222 997 3303 sint,
1021 3222 1118 3286 semel
1141 3221 1325 3285 nominabo:
1350 3224 1425 3283 eute-

238 3351 263 3388 11
290 3327 386 3391 riores
417 3330 448 3390 et
476 3327 639 3391 interiores
670 3325 772 3391 botuli
801 3326 1030 3410 psychicorum.
1068 3326 1102 3389 hi
1127 3326 1286 3408 paracleto
1310 3328 1425 3389 contro-

290 3432 426 3495 uersiam
448 3431 582 3505 faciunt;
605 3434 732 3513 propter
753 3432 813 3495 hoc
836 3449 935 3496 nouae
951 3430 1130 3513 prophetiae
1146 3433 1346 3505 recusantum
1368 3446 1424 3493 non

290 3535 371 3617 quod
402 3535 497 3598 alium
528 3535 622 3598 deum
653 3535 835 3619 praedicent
856 3535 1027 3599 Montanus
1059 3538 1090 3599 et
1111 3533 1253 3597 Priscilla
1277 3538 1309 3598 et
1331 3533 1424 3597 Mari·

290 3640 387 3719 milla,
416 3658 474 3703 nec
503 3640 587 3721 quod
609 3640 716 3703 Iesum
739 3639 901 3705 Christum
932 3640 1066 3720 soleant,
1098 3656 1155 3702 neo
1183 3639 1266 3720 quod
1294 3638 1422 3719 aliquam

289 3742 361 3806 fidei
383 3747 438 3807 aut
459 3744 526 3827 spei
548 3744 690 3827 regulam
707 3746 860 3824 auertant,
884 3744 939 3807 sed
955 3744 1036 3825 quod
1051 3744 1143 3825 plane
1161 3743 1293 3806 doceant
1308 3742 1422 3823 saepius

238 3868 264 3907 rs
289 3848 426 3911 ieiunare
449 3866 544 3930 quam
567 3847 694 3913 nubere.
734 3849 772 3912 de
796 3848 887 3913 modo
904 3849 1029 3930 quidem
1045 3847 1182 3912 nubendi
1197 3847 1261 3911 iam
1278 3846 1421 3910 edidimus

333 4039 349 4091 2
368 4036 400 4089 de
412 4036 514 4090 Ieiunio
532 4038 659 4091 aduersus
671 4038 815 4107 Psychicos
828 4039 863 4105 B,
883 4037 915 4091 de
933 4036 1038 4091 ieiuniis
1057 4037 1184 4091 aduersus
1197 4036 1337 4106 psychicos
1349 4036 1421 4101 Pom,

289 4123 321 4177 de
340 4123 444 4177 ieiuniis
463 4125 519 4194 Rip
588 4125 764 4193 3psychieos
786 4126 852 4179 istos
880 4124 908 4192 O,
930 4124 1067 4193 psychicos
1085 4125 1113 4178 Β
1182 4122 1356 4177 tenderentur
1372 4124 1421 4190 Rip

288 4215 305 4265 4
323 4211 428 4266 si'add.
450 4212 500 4266 cea
560 4211 741 4265 lacerarentur
758 4213 793 4279 B,
813 4211 974 4265 ducerentur
994 4213 1052 4280 Gel,
1070 4211 1223 4264 laxarentur
1245 4213 1297 4267 Urs
1349 4212 1377 4265 ll
1395 4208 1420 4260 in

289 4297 378 4351 studio
396 4300 461 4365 fort.
532 4312 585 4364 qua
602 4301 660 4351 tota
679 4299 742 4353 Get:
760 4310 840 4365 quam
859 4300 944 4352 totam
963 4299 990 4353 B
1063 4300 1095 4352 14
1112 4296 1223 4365 perinde
1240 4299 1419 4367 1111111111-

288 4384 350 4437 inde
368 4386 395 4438 B
449 4384 604 4437 induentem
624 4385 771 4439 Homicida
826 4388 857 4439 17
877 4388 903 4438 et
921 4386 974 4438 iam
995 4384 1025 4452 0,
1044 4385 1097 4438 iam
1116 4386 1143 4438 B
