3200 5034
580 457 612 511 X.
632 458 677 512 De
696 459 804 512 anima
821 461 932 516 48-50.
1266 461 1327 527 381

190 649 345 712 excessus,
375 633 407 696 id
430 637 479 698 est
502 634 541 698 ad
564 635 706 699 ordinem
730 637 850 717 mortis,
881 636 954 719 quia
976 655 1034 701 nec
1056 639 1125 721 ipsa
1147 637 1213 701 sine
1236 655 1331 720 quae-

189 736 354 818 stionibus,
381 738 455 802 licet
477 737 548 803 finis
573 741 713 804 omnium
736 741 966 823 quaestionum.
1011 741 1137 824 publica
1159 742 1254 808 totius
1276 761 1332 826 ge-

188 841 272 904 neris
294 842 425 907 humani
447 846 603 909 sententia
624 849 759 910 mortem
779 849 909 910 naturae
926 845 1067 911 debitum
1081 847 1330 930 pronuntiamus.

189 945 248 1010 hoc
279 947 430 1030 stipulata
452 953 500 1013 est
522 949 572 1013 dei
594 968 664 1032 uox,
687 950 746 1015 hoc
769 951 936 1035 spopondit
958 969 1050 1016 omne
1074 952 1154 1034 quod
1177 952 1330 1026 nascitur3

189 1053 225 1114 ut
249 1051 315 1114 iarn
337 1053 410 1116 hinc
433 1071 495 1117 non
518 1054 645 1137 Epicuri
668 1059 777 1138 stupor
800 1056 999 1121 suffundatur
1022 1057 1166 1141 negantis
1189 1056 1331 1122 debitum
1371 1081 1384 1122 ⁵

189 1155 274 1219 istud
305 1157 344 1220 ad
373 1174 429 1221 nos
459 1159 625 1241 pertinere,
657 1161 713 1224 sed
739 1161 888 1225 haeretici
919 1162 1005 1246 magi
1034 1161 1201 1226 Menandri
1224 1160 1332 1227 Sama-

189 1260 284 1324 ritani
305 1261 390 1326 furor
411 1268 603 1347 conspuatur
627 1265 756 1332 dicentis
779 1270 916 1331 mortem
936 1268 975 1330 ad
995 1285 1067 1332 suos
1083 1285 1146 1331 non
1162 1267 1254 1331 modo
1270 1285 1332 1331 non

190 1366 355 1447 pertinere,
383 1387 494 1432 uerum
522 1389 579 1434 nec
602 1371 774 1452 peruenire.
820 1373 854 1435 in
876 1372 935 1436 hoc
959 1372 1077 1436 scilicet
1100 1391 1133 1436 se
1157 1390 1175 1436 a
1198 1390 1333 1456 superna

191 1472 223 1532 et
253 1488 366 1535 arcana
394 1477 549 1556 potestate
571 1476 722 1558 legatum,
753 1479 789 1540 ut
811 1477 1004 1541 immortales
1028 1480 1060 1541 et
1082 1476 1332 1561 incorruptibiles

191 1577 224 1638 et
247 1577 354 1640 statim
376 1580 613 1644 resurrectionis
637 1584 797 1664 compotes
820 1581 908 1663 fiant,
938 1583 991 1664 qui
1014 1582 1174 1665 baptisma
1197 1584 1262 1648 eius
1284 1583 1332 1646 in·
1361 1608 1385 1645 ιο

192 1678 325 1744 duorint.
371 1683 506 1767 legimus
536 1685 664 1767 quidem
693 1687 840 1769 pleraque
868 1705 1020 1769 aquarum
1042 1705 1159 1771 genera
1180 1688 1334 1768 miranda,

192 1784 248 1848 sed
278 1788 333 1849 ant
363 1786 501 1852 ebriosos
533 1790 636 1854 reddit
662 1790 890 1873 Lyncestarum
921 1809 1003 1856 uena
1032 1793 1144 1857 uinosa
1171 1796 1226 1856 aut
1253 1793 1336 1876 lym-

191 1887 333 1969 phaticos
350 1891 447 1956 efficit
462 1891 650 1977 Colophonis
666 1897 838 1980 scaturrigo
860 1897 1051 1978 daemonica,
1076 1901 1130 1961 aut
1146 1895 1336 1981 (Alexandro

193 1993 319 2077 accidit)
341 1995 494 2063 Nonacris
516 1996 670 2064 Arcadiae
700 2003 865 2065 uenenata.
921 2001 983 2066 fnit
1017 2005 1048 2066 et
1078 2002 1212 2065 Iudaeae
1245 2002 1332 2065 lacus

193 2099 334 2164 medians
366 2105 439 2167 ante
463 2102 633 2168 Christum.
675 2106 768 2188 plana
791 2104 917 2189 Stygias
944 2106 1074 2189 paludes
1097 2109 1189 2190 poeta
1211 2106 1341 2170 tradidit
1368 2131 1393 2169 15

192 2206 328 2267 mortem
359 2206 522 2272 diluentes.
569 2209 625 2272 sed
655 2212 687 2273 et
709 2209 817 2274 Thetis
847 2210 947 2274 filium
974 2211 1101 2292 planxit.
1148 2228 1339 2293 quamquam

73 2313 183 2368 f.158v
196 2307 223 2371 si
239 2311 271 2372 et
285 2309 460 2376 Menander
474 2312 507 2376 in
523 2311 652 2398 Stygem
666 2315 790 2399 mergit,
811 2315 1007 2379 moriendum
1024 2315 1082 2379 erit
1101 2316 1105 2398 Ι
1125 2315 1339 2396 nihilominus,

194 2417 232 2476 ut
254 2414 293 2478 ad
315 2414 444 2500 Stygem
467 2418 591 2493 uenias3
616 2420 699 2501 apud
721 2419 837 2484 inferos
861 2420 946 2484 enim
969 2420 1090 2484 dicitur.
1130 2438 1285 2503 quaenam
1308 2423 1339 2483 et

195 2517 325 2584 ubinam
356 2521 419 2586 ista
448 2522 580 2587 felicitas
608 2542 770 2606 aquarum,
802 2543 881 2606 quas
905 2544 963 2589 nec
985 2525 1141 2589 Iohannes
1163 2525 1339 2607 baptizator

195 2625 461 2704 praeministrauit
484 2647 542 2692 nco
559 2627 701 2693 Christus
716 2630 783 2712 ipse
800 2629 957 2711 discipulis
974 2630 1225 2694 demonstrauit?
1256 2629 1337 2711 quod
1364 2654 1390 2692 no

195 2728 254 2791 hoc
265 2728 432 2794 Menandri
446 2731 617 2796 balneum?
633 2734 787 2797 cornicum
804 2734 903 2798 credo.
932 2734 987 2798 sed
1002 2738 1134 2798 curtam
1146 2734 1336 2815 infrequens,

195 2834 263 2897 tam
285 2836 453 2916 occultum,
476 2855 536 2919 quo
560 2838 742 2921 paucissimi
764 2839 895 2903 lauant?
929 2842 1108 2921 suspectam
1125 2839 1208 2902 enim
1223 2838 1336 2901 faciam

196 2941 319 3003 tautam
340 2941 502 3005 raritatem
526 2943 718 3006 securissimi
740 2947 833 3026 atque
856 2936 1013 3007 tutissimi
1030 2943 1226 3022 sacramenti,
1255 2942 1337 3024 apud

196 3043 279 3124 quod
304 3063 366 3108 neo
395 3064 450 3129 pro
481 3047 538 3111 deo
564 3047 632 3131 ipso
655 3047 734 3111 mori
755 3049 805 3111 lor
829 3050 886 3129 est,
917 3066 989 3112 cum
1012 3051 1121 3112 contra
1142 3066 1251 3111 omnes
1273 3047 1336 3109 iam

196 3149 338 3214 nationes
369 3151 540 3215 ascendant
569 3152 601 3216 in
625 3156 766 3217 montem
789 3153 906 3216 domini
929 3152 1014 3217 etin
1038 3152 1148 3216 aedem
1170 3152 1220 3216 dei
1242 3149 1336 3215 Iacob
1364 3176 1389 3215 25

197 3257 332 3318 mortem
361 3274 417 3337 per
448 3256 633 3339 martyrium
663 3275 785 3339 quoque
815 3256 999 3340 flagitantis,
1031 3275 1125 3339 quam
1151 3256 1189 3320 de
1213 3254 1337 3320 Christo

198 3358 294 3422 etiam
325 3378 380 3425 sno
412 3361 535 3445 exegit?
581 3379 638 3426 nec
668 3362 791 3445 magiae
821 3365 946 3426 tantum
974 3361 1064 3444 dabit
1094 3361 1270 3442 quisquam,
1302 3363 1338 3423 ut

198 3464 313 3528 eximat
343 3468 477 3529 mortem
507 3469 562 3530 aut
591 3466 766 3549 repastinet
788 3466 863 3530 uitis
886 3466 977 3530 modo
1001 3466 1101 3529 uitam
1124 3467 1225 3529 aetate
1248 3483 1337 3528 reno-

196 3572 281 3634 uata.
326 3569 385 3634 hoc
415 3570 499 3634 enim
529 3589 569 3635 ne
591 3570 722 3635 Medeae
735 3621 737 3624 Α
752 3571 878 3653 quidem
907 3569 997 3634 licuit
1021 3569 1248 3650 inhominem,
1279 3569 1338 3632 etsi

195 3675 285 3738 licuit
313 3675 346 3738 in
371 3693 547 3739 uerueoem.
592 3677 765 3740 translatus
789 3678 837 3740 est
858 3675 965 3742 Enoch
989 3677 1020 3738 et
1041 3673 1150 3739 Helias
1173 3692 1231 3738 nec
1254 3691 1337 3737 mors
1365 3697 1390 3737 eo

303 3794 349 3864 30]
368 3794 401 3849 cf.
416 3794 482 3850 Gen.
496 3798 521 3860 5,
534 3797 568 3851 24
586 3798 613 3849 et
632 3795 725 3865 2Reg.
739 3797 763 3861 2,
777 3798 818 3850 ll.

243 3904 257 3957 l
276 3899 398 3954 ordinem
416 3901 526 3971 ABmp,
544 3900 675 3969 originem
692 3902 720 3955 B
793 3900 853 3971 ipsa
874 3901 987 3970 scripsi:
1004 3900 1090 3969 ipsam
1109 3901 1164 3955 AB
1240 3901 1256 3954 2
1275 3898 1336 3952 finis

196 3989 310 4058 scripsi:
326 3987 476 4043 fincmAB
523 3987 637 4056 bmagis
654 3990 705 4045 Urs
754 3989 786 4043 12
803 3987 850 4041 sod
866 3987 924 4058 aut]
942 3987 1087 4042 scilicetut
1102 3987 1226 4043 Oebleous
1279 3985 1337 4055 aut]

197 4078 230 4129 ut
245 4075 371 4131 chleruo
424 4076 457 4130 13
475 4075 532 4144 aut]
551 4077 583 4129 ut
598 4075 724 4131 Oeblems
778 4077 811 4130 14
828 4075 921 4129 iudeae
934 4077 961 4130 A
1015 4077 1047 4130 15
1064 4091 1141 4128 amne
1154 4073 1254 4129 christi
1266 4074 1339 4142 qu

199 4165 232 4219 16
251 4177 404 4231 quanquam
421 4164 448 4217 A
501 4162 601 4232 Stygen
614 4164 641 4217 B
693 4165 725 4218 21
746 4163 878 4217 cornicum
894 4164 957 4232 AB,
976 4162 1110 4231 magicum
1127 4163 1178 4219 Urs
1231 4162 1339 4230 quurB

197 4251 232 4304 22
251 4249 322 4318 qnod
340 4250 431 4319 paucis
449 4248 612 4303 simulabant
628 4250 701 4320 Bmy
765 4253 799 4305 26
823 4250 855 4302 de
874 4249 980 4304 Christo
998 4251 1033 4318 B,
1053 4249 1145 4303 dextro
1162 4250 1190 4304 A
1253 4251 1287 4304 29
1305 4263 1338 4301 ne

197 4335 307 4390 Medeae
328 4337 390 4392 Gal:
412 4352 444 4390 nc
462 4336 550 4407 modip
568 4338 604 4405 A,
623 4337 766 4390 Nemcdiae
784 4338 813 4391 B
877 4337 904 4390 in
922 4336 1066 4400 hominem,
1085 4336 1135 4389 etsi
1153 4335 1230 4389 licuit
1247 4352 1297 4391 om.
1311 4335 1339 4389 A

198 4425 233 4479 30
250 4423 390 4478 uerbeccm
407 4425 463 4478 AB
