3200 5034
305 429 370 495 266
533 430 648 496 Quinti
667 432 807 500 Septimi
826 431 994 485 Florentis
1013 432 1216 485 Tertulliani

306 607 337 669 ei
367 607 483 671 uitam
510 607 694 688 dominns,
725 608 787 689 qni
810 626 880 671 uon
904 608 948 671 ad
971 611 1128 671 mortem
1152 607 1347 689 delinquit.
1393 610 1454 671 est

305 712 402 774 enim
425 712 602 775 delictum
626 712 669 775 ad
690 715 863 786 mortem3
887 730 957 775 non
981 711 1024 775 dc
1047 729 1087 775 eo
1111 711 1206 791 dico,
1230 714 1270 775 ut
1292 711 1452 793 qnispo-

305 816 433 880 sinlei.
478 816 665 880 meminerat
694 818 725 879 et
752 816 819 898 ipse
842 816 1036 881 Hieremiam
1058 814 1252 897 prohibitum
1276 834 1294 879 a
1317 815 1374 879 deo
1396 815 1450 878 de-

304 920 423 1001 precari
452 938 508 1002 pro
537 920 652 1003 populo
682 920 827 985 mortalia
853 920 1060 1001 delinquente.
1107 920 1227 983 omnis
1258 919 1450 983 iniustitia

266 1024 484 1087 edeliotum
519 1027 590 1104 est,
628 1028 665 1088 et
700 1028 757 1087 est
789 1024 969 1088 delictum
1003 1023 1047 1086 ud
1080 1026 1247 1087 mortem.
1310 1024 1450 1087 scimus

305 1130 443 1207 antem,
473 1128 568 1209 qnod
599 1128 735 1208 omnia,
765 1128 830 1209 qui
854 1146 895 1191 er
918 1128 983 1191 deo
1007 1130 1117 1191 natus
1141 1127 1205 1207 sit,
1237 1145 1309 1191 non
1331 1128 1450 1191 delin-

304 1232 399 1313 quit,
430 1232 549 1297 scilicet
578 1232 728 1296 delictum
759 1232 842 1313 quod
873 1232 911 1295 ad
941 1235 1075 1296 mortem
1106 1234 1163 1295 est.
1210 1231 1254 1295 ita
1284 1231 1448 1297 nihilium

304 1339 448 1418 superest
477 1354 571 1418 qnam
594 1340 649 1401 ant
672 1355 767 1419 neges
791 1336 966 1401 moechiam
989 1339 1021 1401 et
1043 1336 1281 1400 fornicationem
1304 1337 1449 1401 mortalia

304 1460 373 1504 esse
396 1440 519 1521 delicta,
544 1444 599 1506 ant
619 1439 857 1507 inremissibilia
878 1440 1017 1521 fatearis,
1040 1459 1096 1523 pro
1119 1440 1233 1522 quibus
1251 1459 1308 1505 nec
1324 1459 1447 1505 exorare

253 1571 277 1608 ιο
303 1545 506 1627 permittitur.

346 1647 397 1713 20.
414 1650 589 1733 Disciplina
608 1650 705 1733 igitur
726 1650 940 1733 apostolorum
963 1650 1086 1733 proprie
1108 1650 1236 1731 quidem
1259 1650 1385 1713 instruit
1407 1668 1446 1713 ao

303 1754 492 1818 determinat
520 1754 733 1838 principaliter
767 1754 944 1819 sanctitatis
976 1742 1078 1819 omnis
1109 1773 1184 1838 erga
1213 1755 1366 1837 templum
1395 1754 1446 1818 dei

303 1859 476 1922 antistitem
499 1862 530 1923 et
553 1858 668 1941 ubique
692 1859 729 1923 de
753 1858 885 1923 ecclesia
908 1858 1119 1923 eradicantem
1139 1878 1232 1923 omne
1249 1858 1444 1942 sacrilegium

302 1962 504 2045 inpudicitiae
535 1964 601 2027 sina
631 1963 697 2026 ulla
726 1963 931 2027 restitutionis
963 1964 1133 2027 mentione.
1179 1964 1250 2027 nolo
1281 1967 1384 2027 tamen
1407 1982 1444 2026 ex

251 2090 276 2129 n
302 2067 509 2131 redundantia
538 2067 670 2131 alionins
701 2068 797 2131 etiam
828 2067 952 2131 comitis
987 2068 1199 2149 apostolorum
1233 2067 1443 2131 testimoninm

303 2171 520 2253 superducere,
543 2171 690 2235 idoneum
713 2171 918 2237 confirmandi
941 2171 978 2235 de
1001 2172 1139 2254 proximo
1162 2172 1229 2236 iuro
1250 2172 1443 2255 disciplinam

303 2275 535 2358 magistrorum.
579 2278 664 2339 extat
687 2276 770 2339 enim
795 2279 827 2339 et
849 2275 1013 2339 Barnabae
1037 2276 1147 2339 titulus
1172 2275 1211 2339 ad
1233 2275 1402 2354 Hebraeos
1423 2293 1443 2338 a

303 2379 361 2442 deo
388 2379 464 2443 satis
488 2380 640 2443 auctorati
663 2380 736 2459 uiri,
767 2383 919 2461 utquam
943 2380 1060 2443 Paulus
1083 2381 1169 2443 iuxta
1191 2398 1225 2443 sc
1248 2379 1442 2444 oonst'tncrit

302 2483 335 2545 iu
351 2482 560 2547 abstinentiae
577 2487 700 2547 tenore:
724 2487 787 2548 ant
811 2502 877 2567 ego
901 2484 1002 2548 solus
1026 2482 1270 2548 etBarnabas
1294 2501 1362 2547 uon
1383 2483 1440 2545 ha-

249 2612 275 2651 ro
302 2586 431 2652 bemus
465 2588 644 2671 operandi
678 2590 928 2671 potestatem?
985 2591 1015 2651 et
1044 2588 1152 2669 ntique
1181 2588 1333 2670 receptior
1362 2586 1438 2669 apud

302 2692 448 2757 ecclesias
472 2693 604 2775 epistola
622 2692 787 2756 Barnabae
811 2693 864 2757 illc
887 2692 1063 2775 apocrypho
1078 2692 1209 2756 Pastore
1232 2691 1436 2756 moechorum.

301 2814 433 2860 monens
463 2797 570 2877 itaque
600 2796 767 2880 discipulos
797 2796 924 2861 omissis
952 2794 1097 2860 omnibns
1128 2795 1224 2860 initiis
1257 2796 1296 2859 ad
1326 2796 1438 2879 perlec-

301 2900 419 2964 tionem
453 2901 554 2983 magis
590 2900 717 2965 tendere
755 2919 813 2963 nec
852 2919 960 2965 rursus
996 2900 1202 2965 fundamenta
1235 2899 1436 2983 paenitentiae

302 3005 403 3069 iacere
419 3004 458 3068 ab
475 3005 619 3088 operibns
635 3009 841 3085 mortuorum,
865 3004 1103 3086 impossibile
1124 3006 1182 3069 est
1201 3005 1314 3084 enim,
1334 3002 1436 3085 inquit,

248 3131 274 3170 25
304 3127 365 3173 eos
396 3109 459 3190 qui
487 3110 601 3173 semel
628 3109 847 3173 inluminati
870 3112 958 3173 sunt
981 3112 1016 3173 et
1038 3109 1172 3172 donum
1195 3108 1362 3172 caeleste
1383 3125 1437 3190 gn-

302 3215 501 3277 stauernnt
525 3216 561 3277 et
581 3213 912 3296 participauernnt
935 3213 1110 3296 spiritum
1131 3215 1303 3277 sanctum
1319 3215 1354 3275 et
1368 3230 1437 3273 uer-

301 3315 388 3380 bum
419 3316 476 3379 dei
507 3318 614 3381 dulce
640 3320 908 3400 gustauernnt,
940 3318 1134 3381 occidente
1156 3317 1228 3380 iam
1252 3333 1343 3380 aeno
1366 3332 1437 3378 enm

301 3421 525 3502 exciderint,
547 3440 678 3485 rursus
693 3422 864 3485 reuocari
880 3422 916 3485 in
932 3421 1219 3503 paenitentiam,
1239 3420 1437 3502 refigentes

301 3525 404 3589 cruci
425 3524 461 3589 in
485 3526 710 3608 semetipsos
733 3525 858 3589 filium
882 3525 939 3588 dei
963 3528 998 3589 et
1021 3524 1300 3589 dedecorantes.
1348 3527 1439 3587 terra

249 3652 275 3691 eo
302 3629 400 3694 euim
431 3647 525 3711 quae
551 3629 650 3695 bibit
672 3629 823 3713 saepius
848 3628 1112 3693 deuenientem
1136 3629 1172 3692 in
1196 3647 1234 3693 se
1257 3628 1438 3692 humorem

407 3792 436 3861 4]
457 3795 470 3847 1
490 3792 547 3845 Ioh.
562 3796 586 3857 5,
601 3754 631 3847 ir
646 3808 684 3860 sq.
741 3792 784 3861 ro]
806 3795 819 3847 1
839 3792 897 3848 cor.
911 3794 936 3857 o,
950 3796 973 3847 s.
1028 3792 1074 3860 ar]
1094 3790 1174 3845 near.
1189 3794 1213 3855 e,
1226 3794 1243 3847 4
1257 3806 1313 3859 sqq.

343 3945 360 3997 9
372 3940 442 3994 orari
459 3942 510 3996 Urs
565 3943 596 3995 ll
610 3939 721 3994 instruit
734 3957 764 3993 ac
777 3939 940 3993 determinat
954 3939 1018 3995 Gal:
1036 3939 1215 3992 instrnmenta
1228 3936 1437 3992 determinantB

302 4032 334 4084 12
347 4028 417 4082 circa
429 4028 542 4097 paidom
595 4030 628 4083 13
641 4026 790 4080 antistitem
805 4027 868 4081 Gal:
886 4026 1057 4080 sanctitatem
1069 4028 1097 4079 ct
1109 4028 1144 4092 B,
1157 4024 1319 4078 anxietatem
1332 4026 1359 4077 et
1370 4024 1438 4078 Hor·

300 4117 379 4170 telios
433 4116 471 4184 et]
485 4118 516 4169 ut
529 4117 594 4182 Iun,
607 4114 640 4167 ad
658 4115 784 4169 Oebleras
838 4112 1027 4167 eradicandum
1044 4112 1170 4167 Ooblcras
1220 4114 1252 4166 14
1265 4108 1438 4180 impudicitiae

300 4204 372 4257 Lot:
389 4200 574 4270 pudicitiaeB
629 4203 661 4257 15
675 4200 838 4253 redundanti
851 4202 907 4255 Lot
962 4203 993 4255 17
1007 4216 1022 4253 a
1036 4198 1288 4254 deoScol:adeoB
1342 4200 1373 4253 18
1385 4210 1439 4249 anc-

300 4288 381 4342 torati
396 4290 473 4345 Sool:
491 4288 646 4342 auctoritati
659 4289 694 4355 B,
713 4286 880 4341 auctoritatis
897 4289 948 4343 Urs
1001 4288 1035 4341 20
1047 4286 1097 4339 hoc
1110 4284 1237 4353 operandi
1250 4286 1321 4340 Pom
1373 4285 1404 4337 26
1415 4278 1439 4333 ci

299 4374 570 4445 participauernnt-
582 4378 614 4429 27
634 4377 812 4441 gustauerunt
834 4373 862 4439 G,
881 4391 932 4429 om.
951 4374 978 4428 B
1032 4376 1065 4429 28
1084 4371 1205 4425 renouari
1224 4372 1281 4426 Lot
