3200 5034
857 1136 897 1218 X.

747 1346 815 1410 nn
844 1345 1010 1412 aalma

353 1556 381 1620 1.
409 1531 461 1622 De
489 1556 554 1621 solo
582 1575 679 1620 censu
702 1556 827 1621 animae
854 1575 1040 1640 congressus
1063 1557 1267 1641 Hermogeni,
1297 1560 1443 1642 quatenns

308 1664 339 1724 et
361 1661 458 1724 istum
481 1680 517 1724 er
540 1661 690 1724 materiae
713 1661 819 1743 potius
843 1664 994 1745 suggestu
1018 1679 1113 1743 quam
1137 1680 1174 1724 ex
1205 1660 1254 1726 dei
1277 1660 1350 1725 flatu
1373 1679 1444 1726 oon-

268 1765 428 1830 astitisse
458 1765 680 1848 praesumpsit,
711 1783 796 1828 nunc
827 1765 866 1828 ad
888 1765 1024 1847 reliquas
1052 1783 1221 1830 conuersus
1253 1765 1445 1848 quaestiones

306 1870 477 1953 plurimum
500 1869 628 1933 uidebor
651 1888 722 1932 cum
745 1869 939 1953 philosophis
963 1869 1176 1934 dimicaturus.
1216 1871 1311 1934 etiam
1329 1869 1361 1933 in
1379 1889 1445 1934 car·

307 1992 376 2038 cere
399 1972 535 2038 Socratis
564 1973 601 2036 de
630 1973 753 2037 animae
777 1976 861 2037 statu
885 1973 1052 2038 uelitatnm
1076 1978 1133 2038 est.
1173 1975 1278 2039 nescio
1304 1973 1366 2038 iam
1388 1973 1447 2038 hoc

306 2079 453 2161 primum,
477 2096 517 2141 an
533 2081 706 2160 opportuno
726 2079 758 2141 in
778 2081 919 2160 tempore
940 2079 1123 2160 magisterii,
1148 2079 1208 2142 etsi
1228 2078 1306 2142 nihil
1326 2079 1362 2142 de
1380 2079 1447 2148 loco

349 2304 366 2356 2
389 2301 412 2366 Q
439 2300 604 2354 SEPTIMII
626 2300 830 2355 FLORENTIS
852 2300 1096 2355 THRTVLLIANI
1119 2301 1449 2358 CARTHAGINHNSIS

306 2389 353 2443 DE
371 2388 490 2442 ANIMA
508 2387 624 2442 LIBER.
642 2389 671 2443 B
736 2390 753 2443 3
771 2388 820 2442 DE
839 2388 1137 2442 IMHORTALITATH
1155 2387 1297 2442 ΑΝΙΜΑΕ
1315 2388 1324 2458 ll
1342 2389 1369 2442 Si
1387 2389 1450 2442 sub-

306 2477 405 2530 stantia
426 2475 538 2540 animae‚
562 2478 590 2529 et
611 2491 647 2528 an
670 2475 821 2544 corporalis,
845 2479 872 2530 et
895 2493 929 2528 an
951 2475 1079 2544 effigiata,
1103 2492 1187 2530 uinum
1212 2493 1268 2530 esse
1287 2475 1403 2529 animam
1422 2479 1451 2529 et

306 2563 438 2631 spiritum,
461 2578 514 2614 non
539 2562 656 2631 separari
678 2563 797 2615 animam
821 2564 848 2616 et
866 2563 994 2627 animum,
1019 2579 1052 2616 an
1072 2563 1114 2627 sit,
1137 2562 1184 2616 ubi
1208 2563 1243 2616 sit
1261 2562 1332 2631 quod
1351 2563 1450 2616 dicitur

305 2649 504 2718 hegemonicon,
524 2649 556 2701 de
575 2649 690 2716 quinque
709 2648 830 2702 sensibus
849 2649 1038 2718 corporalibus
1059 2649 1130 2718 quod
1148 2649 1301 2718 philosophi
1320 2652 1346 2703 et
1357 2650 1448 2702 baere-

305 2736 352 2789 tici
371 2735 541 2804 distinguunt
559 2736 630 2789 inter
642 2736 774 2788 sensualia
786 2739 813 2790 et
825 2736 1025 2802 intellectualia,
1043 2736 1216 2791 Intellectum
1229 2753 1332 2806 semper
1345 2737 1448 2790 animae

305 2823 399 2886 inesse,
421 2823 462 2875 De
484 2822 594 2876 caeteris
617 2821 784 2876 naturalibus
807 2824 920 2891 animae,
942 2823 1020 2876 Unde
1044 2824 1133 2877 anima
1156 2822 1284 2877 aduersus
1302 2823 1448 2877 haereticos

306 2909 351 2977 qui
369 2925 427 2962 eam
447 2908 479 2962 de
497 2909 577 2963 coelis
595 2908 731 2962 deferunt:
749 2909 886 2963 Aduersus
906 2913 1094 2978 argumentum
1107 2910 1238 2975 Platonis,
1257 2910 1328 2978 quod
1346 2909 1447 2964 disoen-

306 2996 357 3049 tias
379 2995 589 3050 reminiscentias
613 2995 697 3049 dicat:
724 2996 764 3049 De
789 2998 945 3064 contemptu
968 2997 1073 3050 animae
1096 2996 1224 3050 aduersus
1252 3013 1296 3050 eos
1319 2997 1364 3065 qui
1386 2999 1447 3066 post

305 3085 413 3152 partum
431 3083 533 3151 corpori
552 3099 610 3136 eam
628 3082 772 3136 inducunt:
790 3082 928 3136 Aduersus
941 3082 1112 3138 Platonicum
1131 3084 1237 3152 dogma,
1256 3083 1327 3152 qnod
1346 3100 1398 3136 non
1415 3100 1446 3136 ex

305 3169 419 3223 mortuis
441 3169 510 3223 fiant
531 3169 598 3222 uiui:
626 3168 669 3222 Ad
687 3169 856 3238 Pythagorae
880 3172 907 3223 et
928 3169 1097 3238 Empedoclis
1122 3170 1259 3239 opiniones
1284 3170 1316 3224 de
1334 3173 1444 3224 metem-

304 3256 428 3324 psychosi
447 3258 473 3309 et
491 3255 759 3309 metensomatisimo:
778 3256 915 3310 Aduersus
935 3256 1050 3310 Simonis
1069 3257 1222 3325 opinionem
1240 3259 1268 3310 et
1281 3257 1445 3326 carpocratis

304 3342 510 3396 haereticorum:
532 3343 572 3396 De
591 3359 653 3396 seru
672 3342 775 3396 animae
794 3346 822 3397 et
840 3344 935 3409 carnis,
959 3343 1029 3412 quod
1048 3343 1128 3398 simul
1147 3344 1177 3397 in
1194 3347 1270 3397 utero
1289 3343 1444 3408 formentur,

304 3430 333 3482 in
351 3445 424 3482 eum:
447 3430 487 3482 De
505 3431 590 3483 aetate
609 3429 694 3483 carnis
713 3432 740 3483 et
758 3430 874 3484 animae:
898 3431 938 3484 De
956 3429 1031 3495 cibis,
1050 3430 1182 3498 quomodo
1201 3430 1234 3484 ad
1253 3431 1369 3486 animam
1387 3448 1443 3500 per-

304 3517 390 3569 tinere
412 3514 566 3570 uideantur:
592 3516 704 3570 Nullam
726 3533 792 3585 pene
816 3517 933 3571 animam
962 3518 1018 3571 sine
1046 3517 1185 3571 daemonio
1213 3534 1280 3572 esse:
1309 3518 1443 3583 Quomodo

305 3620 365 3657 caro
383 3602 517 3671 peccatrix
535 3602 651 3656 dicatur:
678 3604 719 3656 De
736 3602 806 3657 bono
825 3604 852 3657 et
870 3604 940 3657 malo
959 3605 1075 3658 animae:
1103 3605 1143 3658 De
1165 3607 1263 3659 morte:
1290 3605 1331 3658 De
1354 3621 1442 3659 somno

322 3690 454 3744 ertinonte
472 3690 506 3742 ad
524 3692 670 3744 tractatum
689 3691 796 3744 mortis:
815 3691 851 3744 Ht
869 3691 901 3744 de
920 3691 1009 3744 anima
1021 3691 1196 3745 Hermotimi:
1214 3692 1255 3745 De
1267 3692 1442 3746 Hermotimo:

304 3707 344 3829 be
363 3777 480 3840 somniis,
499 3777 631 3844 quomodo
650 3793 681 3830 ea
697 3777 818 3847 patiatur
836 3778 933 3842 anima,
952 3780 980 3832 et
994 3769 1067 3832 ¹unde
1085 3779 1221 3832 eueniant:
1239 3779 1279 3832 De
1298 3779 1325 3833 ui
1343 3779 1441 3842 mortis,

304 3866 331 3916 et
350 3862 382 3916 de
400 3863 547 3917 Menandro
566 3864 710 3917 haeretico:
729 3864 806 3918 Nihil
825 3865 929 3918 animae
947 3865 976 3918 in
995 3880 1103 3934 corpore
1119 3883 1226 3920 manere
1245 3869 1440 3935 postmortem,

304 3954 336 4004 ut
353 3949 460 4004 uidetur
478 3949 650 4018 quibusdam:
673 3952 714 4004 De
733 3952 836 4005 animae
855 3968 968 4016 excessu,
992 3954 1032 4006 De
1050 3956 1164 4022 receptu,
1187 3954 1228 4007 De
1247 3953 1347 4017 inieris,
1365 3957 1391 4006 et
1409 3969 1440 4005 an

304 4036 369 4090 illuc
396 4052 488 4090 omnes
515 4038 619 4091 animae
646 4038 851 4107 compellentur:
884 4038 927 4092 An
954 4044 1152 4095 commorentur
1178 4041 1224 4094 hic
1251 4041 1353 4094 animae
1382 4041 1439 4109 post

304 4126 427 4190 mortem,
450 4124 494 4178 uel
516 4124 549 4178 ab
571 4125 665 4179 inferis
682 4129 845 4190 commeent,
868 4125 912 4179 An
935 4126 1036 4195 aliquid
1059 4127 1167 4182 interim
1186 4128 1290 4182 animae
1308 4127 1439 4196 patiantur

304 4209 375 4278 apud
393 4210 500 4276 inferos,
519 4211 559 4264 De
578 4212 633 4266 solo
651 4229 730 4266 censu
743 4213 847 4266 animae
860 4214 900 4282 B,·
918 4215 949 4268 iro
960 4215 987 4268 A
1002 4216 1174 4285 principiano
1192 4216 1257 4270 iibri
1275 4214 1344 4270 dccet
1360 4229 1438 4282 usquc

304 4298 342 4351 ad
355 4313 421 4366 pag.
434 4301 487 4352 307
506 4302 564 4352 aad
616 4298 747 4353 isocrati
761 4299 827 4355 Sccl
879 4299 1020 4354 uelitatum
1036 4301 1099 4356 aer.-
1116 4299 1160 4354 nel
1178 4300 1217 4355 ita
1235 4298 1437 4354 uelificatnt

305 4386 322 4439 8
340 4382 488 4450 magisterii
507 4384 585 4440 Scal:
602 4385 771 4454 magistrijB
