3200 5034
285 424 350 487 244
517 424 633 490 Quinti
651 424 790 493 Septimi
808 425 978 479 Illorentis
996 426 1196 479 Tertulliani

285 599 491 679 detinentem,
522 600 616 681 inque
646 620 719 665 enm
745 602 883 666 hominis
907 602 1024 665 exitum
1047 604 1171 683 quantis
1193 608 1283 685 potes
1306 603 1424 666 miseri·

282 703 403 766 cordiae
432 704 598 768 inlecebris
620 704 723 769 bonus
745 710 853 789 pastor
876 710 908 770 et
929 706 1112 770 benedictus
1133 725 1216 790 papa
1238 707 1423 770 contionaris

282 812 315 871 et
342 808 376 871 in
405 808 556 891 parabola
583 810 653 873 onis
683 828 793 893 capras
817 815 889 875 tuas
912 811 1057 892 qnaeris?
1087 813 1143 874 tna
1163 812 1233 875 ouis
1256 831 1295 875 ne
1317 829 1423 875 mrsns

282 913 320 975 de
349 932 446 997 grege
472 914 577 977 exiliat
598 914 703 996 (quasi
724 932 787 977 non
811 915 919 978 exinde
941 915 1007 979 iam
1028 916 1121 979 liceat
1142 916 1224 997 quod
1247 934 1306 979 nec
1328 915 1424 979 semel

237 1042 256 1079 a
282 1016 397 1098 licuit),
427 1022 547 1082 ceteras
577 1018 674 1083 etiam
702 1023 791 1082 mctu
820 1020 959 1103 comples
983 1038 1056 1083 cnm
1078 1022 1212 1083 maxime
1236 1020 1422 1103 indulgens?

281 1122 440 1204 apostolus
470 1141 545 1186 uero
574 1123 760 1187 sceleratam
782 1123 947 1187 libidinem
970 1124 1182 1187 fornicationis
1204 1124 1325 1189 incesto
1347 1142 1423 1187 onn-

282 1229 364 1288 stam
386 1230 453 1289 tam
475 1226 611 1310 proiccte
633 1228 818 1311 ignouisset,
841 1231 878 1291 ut
899 1246 958 1291 nec
980 1228 1064 1291 hunc
1086 1229 1200 1292 saltem
1220 1228 1364 1291 habitum
1377 1228 1423 1291 le-

280 1330 426 1412 gitimum
456 1331 682 1412 paenitentiae,
712 1349 807 1413 quem
830 1332 869 1395 ab
892 1332 961 1415 ipso
984 1332 1126 1395 didicisse
1149 1332 1294 1413 deberes,
1325 1332 1422 1395 abeo

282 1435 439 1517 exegerit?
462 1435 539 1498 nihil
561 1435 600 1497 de
621 1440 746 1519 postero
768 1437 810 1499 sit
833 1438 1052 1516 comminatus,
1076 1436 1154 1500 nihil
1176 1437 1214 1499 de
1230 1440 1333 1501 cetero
1348 1437 1422 1516 allo-

230 1563 256 1601 10
281 1541 395 1602 cutus?
440 1541 515 1621 qnin
544 1540 642 1604 immo
672 1544 704 1603 et
732 1541 818 1604 ultra
846 1541 1005 1620 obsecrat,
1036 1542 1263 1605 constituerent
1293 1542 1326 1604 in
1351 1560 1421 1603 eum

281 1642 490 1723 dilectionem,
513 1644 604 1725 quasi
626 1644 834 1724 satisfaciens
858 1662 920 1708 non
943 1645 1032 1726 qnasi
1053 1645 1229 1729 ignoscens.
1265 1648 1421 1709 ettamen

281 1746 478 1810 dilectionem
510 1748 616 1828 audio,
648 1766 710 1812 non
732 1750 1058 1814 communicationem.
1104 1750 1186 1831 qnod
1209 1754 1242 1814 ct
1264 1751 1304 1813 ad
1326 1750 1421 1813 Thes-

281 1851 506 1915 salonicenses:
532 1853 563 1915 si
585 1853 669 1933 quis
691 1857 817 1917 autern
839 1872 911 1918 non
934 1853 1089 1918 obaudit
1110 1855 1275 1919 sermoni
1297 1858 1420 1918 nostro

280 1973 344 2036 pcr
374 1955 589 2038 epistolam,
620 1956 718 2020 hunc
746 1961 877 2021 notate
908 1976 975 2021 nec
1003 1958 1323 2022 commisceamini
1349 1958 1420 2036 illi,

230 2084 255 2123 ιε.
280 2061 322 2121 nt
353 2063 587 2140 reuereatur‚
620 2079 693 2124 uon
726 2063 835 2142 qnasi
864 2062 1056 2125 inimicum
1086 2063 1328 2144 deputanteS,
1361 2062 1420 2124 sed

281 2164 389 2244 quasi
410 2164 568 2228 fratrem
588 2165 844 2249 obiurgantes.
883 2167 959 2230 adeo
974 2167 1129 2249 potuisset
1151 2167 1253 2231 dicere
1277 2171 1309 2231 et
1330 2166 1420 2231 forni-

281 2268 379 2331 catori
407 2268 606 2333 dilectionem
629 2271 824 2334 solummodo
844 2288 1041 2351 concessam,
1072 2288 1135 2334 non
1158 2275 1190 2335 et
1212 2272 1420 2335 communica-

280 2372 409 2452 tionem,
432 2374 551 2437 inccstc
573 2390 649 2436 nero
671 2392 729 2437 uec
751 2374 962 2454 dilectionem,
986 2393 1080 2456 quem
1096 2375 1216 2439 scilicet
1232 2376 1345 2439 auferri
1360 2376 1420 2438 ins-

281 2476 376 2539 sisset
397 2476 435 2539 de
458 2477 562 2541 medio
584 2478 739 2560 ipsorum,
770 2479 871 2543 multo
893 2480 994 2562 magis
1017 2480 1125 2562 utique
1148 2480 1185 2543 de
1209 2480 1324 2544 animo.
1369 2479 1418 2541 sed

228 2605 254 2643 a
280 2580 457 2660 uerebatnr,
480 2601 519 2644 ne
542 2582 762 2645 fraudarentur
784 2601 803 2645 a
826 2586 936 2646 satana
959 2584 1042 2647 circa
1065 2584 1130 2647 cius
1152 2602 1306 2665 personae
1330 2583 1419 2647 amis-

280 2686 410 2765 sionem,
433 2704 527 2766 qucm
551 2690 680 2751 satanae
703 2687 770 2769 ipso
792 2688 975 2769 proiecerat,
999 2691 1055 2752 aut
1076 2708 1116 2752 ne
1132 2688 1325 2753 abundantia
1339 2705 1418 2751 mae

279 2790 359 2852 roris
382 2790 591 2870 decoraretur,
615 2810 709 2872 quem
730 2792 764 2853 in
786 2792 951 2856 interitum
973 2793 1076 2857 carnis
1092 2793 1261 2857 addixerat.
1296 2793 1346 2855 hic
1360 2793 1418 2855 iam

281 2895 382 2957 carnis
411 2895 574 2958 interitum
599 2895 631 2957 in
654 2894 792 2958 officium
815 2896 1026 2978 paenitentiae
1048 2897 1311 2980 interpretantur,
1342 2895 1417 2978 quod

281 2997 423 3062 uideatur
451 2999 574 3062 ieiuniis
605 3002 636 3062 ct
665 2998 808 3062 sordibus
839 3004 869 3063 et
899 3001 1020 3064 incuria
1041 3002 1127 3065 omni
1150 3005 1181 3064 et
1203 3001 1308 3064 dedita
1331 3016 1418 3082 opera

229 3126 256 3164 aa
282 3102 385 3166 malac
413 3102 607 3166 tractationis
636 3120 763 3166 carnem
795 3104 1030 3169 exterminando
1061 3105 1138 3169 satis
1161 3105 1219 3168 deo
1241 3105 1358 3183 facere,
1386 3106 1418 3165 ut

283 3225 319 3269 ex
341 3206 400 3270 hoc
421 3209 680 3289 argumententur
701 3207 933 3289 fornicatorem,
957 3208 1055 3272 immo
1076 3208 1233 3273 incestum
1255 3208 1347 3272 illum
1360 3225 1416 3270 nou

282 3311 315 3373 in
344 3310 547 3393 perditionem
570 3314 700 3375 satanae
724 3310 763 3375 ab
787 3313 928 3395 apostolo
949 3313 1113 3393 traditum,
1145 3313 1254 3375 sedin
1278 3311 1418 3375 emendo-

283 3414 411 3494 tionem,
435 3415 524 3496 quasi
546 3418 655 3497 postea
676 3416 804 3479 ueniam
818 3415 857 3479 ob
874 3416 1034 3480 interitum
1049 3416 1082 3479 id
1097 3420 1146 3479 est
1161 3416 1416 3480 conflictationem

283 3518 384 3581 carnis
414 3522 669 3599 consecuturum,
699 3519 794 3603 igitur
818 3522 850 3582 et
871 3524 1083 3583 consecutum.
1129 3520 1221 3603 plane
1244 3520 1328 3583 idem
1350 3536 1418 3601 apo

230 3648 259 3686 eo
283 3622 381 3685 stolus
403 3622 624 3704 Hymenaeum
648 3626 679 3687 et
700 3622 915 3687 Alexandrum
939 3627 1065 3689 satanae
1088 3624 1232 3703 tradidit,
1259 3627 1296 3687 ut
1318 3641 1417 3687 emen·

388 3784 432 3853 13]
451 3787 467 3839 2
486 3784 577 3839 Thess.
589 3786 616 3850 3,
630 3787 663 3841 14
675 3801 731 3855 sqq.
784 3786 830 3855 30]
849 3785 884 3841 cf.
904 3788 918 3841 l
938 3786 1005 3840 Tim.
1020 3789 1043 3850 1,
1055 3788 1098 3842 20.

328 3933 341 3987 l
361 3931 440 3999 inque
458 3947 520 3985 enm
540 3933 603 3988 cc.-
620 3932 650 3985 in
668 3948 735 4000 quac
753 3949 815 3986 cum
832 3934 860 3986 Β
946 3935 962 3987 3
979 3936 1029 3987 tua
1045 3933 1104 3987 ouis
1124 3933 1188 3988 Get:
1209 3935 1257 3986 tua
1275 3932 1368 3987 domus
1385 3931 1417 3999 B,

284 4019 335 4073 dcl.
353 4020 410 4073 Lat
478 4021 495 4073 4
513 4020 623 4073 exiliant
640 4020 697 4074 Lat
767 4022 784 4073 6
808 4019 908 4073 incesta
926 4022 1052 4073 onustam
1070 4023 1126 4073 tam
1146 4019 1210 4074 cc.-
1232 4020 1336 4073 incestu
1357 4034 1418 4071 onus

283 4109 391 4158 tantum
409 4105 436 4159 B
506 4110 521 4161 7
539 4105 692 4174 legitimum
714 4106 780 4161 Urs:
802 4105 921 4173 legatum
939 4107 975 4174 B,
997 4105 1110 4175 legalem
1133 4106 1259 4161 Ochkrus
1328 4110 1344 4161 9
1365 4121 1418 4158 exe-
1439 4176 1441 4181 Ι

284 4192 372 4260 gerit?
397 4193 460 4248 Gal:
483 4192 606 4261 exigeres.
630 4195 658 4248 B
729 4191 764 4247 10·
784 4192 857 4245 ultro
879 4194 931 4247 Ure
1000 4196 1034 4249 23
1060 4193 1199 4249 interitum
1224 4194 1288 4248 Gal:
1313 4192 1418 4246 interitu

285 4294 363 4346 quem
381 4280 409 4332 Β
470 4281 505 4334 25
523 4279 609 4332 facere
630 4279 694 4334 θεῖε
711 4277 811 4332 faceret
829 4280 856 4333 Β
913 4280 947 4335 29
966 4284 1137 4334 consecutum
1157 4280 1221 4334 cer.-
1238 4278 1418 4332 consecutaB

285 4368 319 4419 30
336 4366 488 4418 himeneum
508 4367 535 4419 B
588 4365 794 4419 emendarentur
814 4366 878 4420 cer.-
895 4367 965 4419 enim
986 4366 1114 4421 darentur
1131 4368 1158 4421 B
