3200 5034
563 444 595 497 X.
615 444 659 497 De
678 445 784 498 anima
805 447 913 500 11-13.
1247 445 1309 509 317

166 619 259 682 titulo
283 623 428 702 segregat
451 620 489 683 ab
514 620 637 684 animae
661 620 882 685 commixtione
906 625 938 685 et
961 624 1067 685 tamen
1087 621 1220 685 eundem
1237 622 1311 685 alibi

167 724 291 788 animae
325 725 449 788 addicit.
494 725 553 789 1111
584 726 679 790 etiam
705 725 891 790 Aristoteles
923 727 1096 806 denotauit,
1132 727 1236 790 nescio
1272 745 1311 791 an

167 845 225 891 sua
246 828 384 911 paratior
405 829 537 912 implere
560 848 656 911 quam
679 831 781 894 aliena
803 831 933 894 inanire.
969 831 1101 912 deniquo
1125 833 1156 894 et
1175 831 1242 913 ipse
1259 830 1311 893 de-

166 931 341 1006 finitionem
365 934 462 997 animi
485 952 557 997 cum
589 935 741 1016 differret,
773 935 900 999 interim
929 936 1062 1000 alterum
1092 935 1189 999 animi
1211 954 1310 1019 genus

166 1038 391 1120 pronuntiauit,
413 1039 504 1103 illum
520 1039 672 1120 diuinum,
696 1058 790 1121 quem
810 1059 918 1105 rursus
942 1045 974 1105 et
993 1041 1220 1124 impassibilem
1238 1040 1312 1106 sub·
1350 1071 1362 1110 1

167 1144 334 1208 ostendens
365 1143 496 1208 abstulit
526 1148 558 1208 et
586 1146 690 1227 ipsum
722 1163 740 1209 a
770 1146 925 1210 consortio
953 1146 1085 1210 animae.
1132 1146 1312 1209 cumcuim

168 1248 306 1312 animam
336 1248 519 1332 passibilem
550 1253 672 1313 constet
704 1268 812 1314 eorum
838 1268 918 1331 quae
942 1251 1052 1315 sortita
1076 1253 1123 1314 est
1146 1251 1227 1333 pati,
1258 1253 1313 1315 aut

167 1370 222 1434 per
252 1353 394 1416 animum
426 1356 457 1417 et
486 1371 558 1417 eum
589 1354 693 1417 animo
720 1355 872 1436 patietur,
904 1355 930 1418 si
954 1359 1098 1419 concreta
1121 1359 1167 1419 est
1192 1355 1311 1419 animo:

168 1475 229 1520 non
252 1457 367 1538 poterit
390 1457 513 1522 animus
536 1458 729 1539 inpassibilis
750 1459 870 1523 induci:
895 1463 950 1523 aut
972 1459 999 1523 si
1022 1477 1084 1523 non
1099 1479 1155 1542 per
1170 1459 1311 1523 animum

73 1588 79 1594 ·
168 1579 225 1623 nec
247 1579 320 1625 cum
344 1562 447 1626 animo
470 1563 607 1646 patietur
630 1563 745 1644 anima,
769 1564 1139 1644 11111111111111111111,
1163 1582 1234 1628 cum
1251 1582 1312 1645 quo
1340 1593 1365 1630 10

168 1665 244 1729 nihil
276 1670 308 1730 et
337 1667 390 1748 qui
423 1667 502 1731 nihil
532 1669 661 1752 patitur.
706 1686 797 1752 porro
829 1670 855 1733 si
885 1669 963 1732 nihil
993 1668 1160 1752 perillum
1185 1672 1312 1732 etcum

168 1769 221 1834 illo
244 1770 351 1834 anima
373 1771 519 1854 patietur,
546 1772 610 1836 iam
633 1791 691 1837 nec
714 1774 829 1837 sentiet
851 1791 908 1837 nec
932 1774 1030 1856 sapiet
1054 1791 1111 1837 nce
1134 1773 1313 1837 mouebitur

167 1893 222 1956 per
252 1874 352 1955 illum,
382 1879 418 1939 ut
447 1876 567 1941 nolunt.
612 1895 687 1941 nam
714 1881 749 1970 et
774 1897 886 1942 sensus
910 1878 1071 1960 passiones
1094 1878 1170 1942 iacit
1191 1878 1313 1942 Aristo-

168 1980 257 2042 teles.
303 1980 431 2061 quidni?
456 1985 487 2045 11
510 1982 625 2046 sentire
649 1982 734 2046 enim
756 1983 823 2065 pati
846 1986 903 2064 111,
931 1985 1004 2065 quia
1026 1983 1091 2065 pat-i
1114 1983 1230 2046 sentire
1254 1985 1311 2047 est.

49 2088 155 2143 1124ν
167 2083 297 2165 proinde
321 2088 353 2148 et
376 2103 485 2168 sapere
509 2087 624 2151 sentire
647 2089 696 2151 est
719 2090 750 2150 11
773 2088 893 2151 moueri
916 2087 1031 2151 sentire
1048 2091 1106 2168 est,
1127 2085 1131 2172 Ι
1151 2088 1195 2150 ita
1210 2089 1312 2152 totum
1340 2113 1365 2153 15

167 2190 234 2270 pati
264 2192 321 2253 est.
367 2190 512 2254 uidemus
543 2194 649 2255 autem
680 2191 759 2255 nihil
788 2193 921 2256 istorum
951 2192 1089 2256 animam
1120 2193 1251 2275 experiri
1277 2195 1313 2256 ut

168 2311 231 2357 non
255 2297 286 2358 et
308 2294 412 2358 animo
435 2296 611 2378 deputetur,
634 2296 710 2378 quia
731 2316 787 2380 per
807 2297 898 2360 illum
915 2301 946 2361 et
963 2316 1035 2361 cum
1049 2297 1102 2361 illo
1118 2297 1311 2380 transigitur.

166 2398 230 2461 iam
254 2416 327 2482 ergo
351 2402 383 2463 et
405 2400 639 2464 commiscibilis
664 2405 712 2465 est
735 2402 859 2465 animus
884 2402 1034 2466 aduersus
1049 2400 1259 2485 Anaxagoran
1282 2404 1313 2464 et

166 2503 325 2585 passibilis
349 2505 500 2569 aduersus
522 2504 724 2573 Aristotelen.
760 2510 899 2570 ceterum
923 2507 949 2570 si
966 2506 1110 2570 discretio
1127 2506 1312 2586 admittitur,

168 2610 204 2671 ut
227 2607 405 2673 substantia
427 2610 506 2674 duae
528 2629 578 2674 res
602 2611 675 2691 sint,
699 2611 824 2675 animus
849 2615 941 2694 atque
966 2611 1080 2692 anima,
1105 2611 1232 2674 alterius
1256 2611 1314 2674 erit
1340 2639 1366 2678 ao

170 2715 203 2776 11
224 2712 329 2795 passio
353 2717 385 2777 et
407 2733 517 2778 sensus
541 2717 572 2778 11
595 2733 686 2798 sapor
709 2716 811 2779 omnis
836 2718 867 2779 et
890 2719 977 2779 actus
1001 2719 1033 2780 et
1048 2718 1162 2796 motus,
1187 2715 1313 2779 alterius

169 2821 277 2881 autem
307 2819 405 2882 otium
436 2823 467 2884 et
497 2820 584 2901 quies
615 2823 647 2885 11
676 2824 784 2903 stupor
815 2824 846 2884 et
869 2820 955 2885 nulla
977 2820 1041 2885 iam
1064 2837 1172 2900 eausa,
1206 2823 1237 2884 11
1260 2823 1315 2885 aut

169 2923 293 2986 animus
331 2923 457 2988 uacabit
493 2928 548 2988 aut
580 2925 695 2988 anima.
749 2926 860 3007 quodsi
893 2927 1016 2989 constat
1049 2924 1202 2989 ambobus
1236 2925 1314 2989 haec

169 3027 275 3091 omnia
304 3027 458 3110 reputari,
489 3046 561 3112 ergo
592 3048 691 3093 unum
722 3032 816 3093 erunt
845 3033 1028 3112 utrumque,
1061 3033 1091 3094 et
1114 3031 1313 3094 Democritus

169 3131 322 3196 obtinebit
352 3131 561 3197 differentiam
591 3134 720 3214 tollens,
755 3137 787 3198 11
818 3137 997 3216 quaeretur,
1029 3136 1184 3217 quomodo
1215 3153 1313 3198 unum
1340 3160 1366 3199 11

100 3306 102 3311 ,
169 3239 353 3320 utrumque,
385 3256 420 3301 ex
451 3238 583 3302 duarum
614 3239 863 3303 substantiarum
894 3240 1075 3304 confusione
1099 3258 1138 3304 an
1163 3259 1199 3303 ex
1221 3241 1313 3303 unius

169 3340 381 3423 dispositione.
416 3360 472 3407 nos
496 3346 602 3406 autem
618 3343 761 3407 animum
775 3344 821 3407 ita
837 3344 967 3408 dicimus
984 3345 1107 3409 animae
1123 3347 1312 3423 concretum,

169 3461 232 3508 non
255 3448 291 3508 ut
314 3444 492 3510 substantia
514 3447 622 3528 alium,
646 3448 701 3511 sed
724 3451 759 3512 ut
781 3448 976 3513 substantiae
1001 3448 1148 3514 officium.

215 3547 264 3613 13.
288 3549 340 3614 Ad
369 3550 429 3616 hoc
459 3551 611 3636 dispicere
642 3556 784 3636 superest
810 3553 1024 3637 principalitas
1048 3553 1179 3635 ubisit,
1210 3553 1313 3617 idest
1348 3603 1354 3615 .

168 3654 244 3735 quid
278 3655 329 3719 cui
357 3658 494 3739 praeest,
525 3658 561 3719 ut
591 3657 679 3720 cuius
709 3658 924 3741 principalitas
958 3658 1150 3742 apparuerit,
1185 3658 1239 3722 illa
1271 3658 1311 3723 sit
1339 3684 1365 3722 11

274 3774 302 3842 2]
320 3774 354 3829 ci.
366 3774 478 3830 Aristot.
492 3774 525 3828 dc
543 3776 624 3830 anim.
637 3776 652 3830 Ι
664 3779 688 3832 2.
743 3778 787 3847 13]
807 3777 840 3832 ci.
854 3777 964 3832 Aristot.
977 3779 994 3832 1.
1009 3778 1093 3836 115,

213 3881 226 3934 1
246 3878 340 3932 titulos
358 3880 385 3933 A
456 3880 640 3934 commistione
658 3882 686 3936 Β
755 3884 772 3935 2
791 3882 896 3936 animae
915 3882 1016 3937 addicit
1034 3884 1103 3953 Rip:
1125 3883 1215 3936 anima
1232 3883 1313 3936 edicit

168 3965 280 4033 (aedicit
297 3967 337 4033 A)
348 3968 412 4036 AB,
431 3967 548 4021 animam
566 3967 648 4022 edicit
661 3969 711 4024 ou
764 3969 908 4024 aristotiles
920 3972 947 4024 A
966 3972 1005 4026 111
1022 3987 1124 4040 semper
1176 3973 1192 4025 3
1211 3970 1313 4023 inanire

168 4054 278 4123 ABmp,
298 4052 424 4107 damnare
442 4055 470 4109 Β
523 4055 647 4124 6ipsum
663 4057 777 4125 scripsi:
793 4057 850 4125 ipse
869 4074 930 4112 cum
948 4058 1004 4111 AB
1057 4060 1139 4112 71111
1156 4074 1203 4125 per
1221 4075 1271 4114 om.
1285 4059 1312 4111 A

168 4141 324 4208 Spatiatur
341 4142 368 4194 A
420 4142 556 4211 9poterit
574 4144 609 4209 A,
627 4146 717 4212 potest
734 4144 761 4197 Β
816 4147 848 4199 10
867 4161 915 4197 nec
934 4161 995 4197 cum
1013 4145 1049 4212 Β,
1068 4161 1163 4198 necum
1181 4146 1208 4199 A
1266 4160 1312 4213 pa-

167 4226 253 4280 tiatur
276 4229 303 4282 A
372 4244 424 4296 quo
452 4230 517 4285 Urs:
538 4245 591 4297 qua
613 4230 669 4284 ΑΒ
741 4234 771 4286 11
791 4231 836 4298 qui
860 4234 924 4287 Urs:
947 4232 988 4285 cui
1007 4233 1070 4299 AB,
1093 4248 1237 4300 perquem
1256 4233 1313 4285 qu

170 4316 201 4368 17
221 4314 426 4382 transigaturA
481 4317 513 4372 18
528 4314 713 4384 Anaxagoram
727 4319 754 4371 Β
810 4321 842 4374 19
855 4318 1067 4373 AristotelemB
1120 4317 1311 4373 1311111111

167 4404 203 4456 29
222 4401 355 4470 despicere
374 4404 401 4456 A
453 4406 487 4457 30
506 4404 582 4472 quid]
601 4404 646 4471 qui
665 4406 692 4458 Β
