3200 5034
271 483 335 546 394
506 480 620 546 Quinti
639 480 776 548 Septimi
794 480 960 532 Florentis
980 478 1182 531 Tertulliani

271 659 422 739 quasdam
453 656 613 720 reuocauit
643 657 675 719 in
706 673 834 737 corpora
864 655 913 717 dei
943 655 1044 716 uirtus
1072 655 1104 717 in
1129 653 1316 716 documenta
1338 653 1415 716 iuris

186 842 188 847 Ι
270 763 328 842 sui,
352 779 415 824 non
437 761 550 824 idcirco
574 758 854 823 communicabitur
878 758 950 821 fidei
974 761 1005 822 et
1027 758 1173 822 audaciae
1197 775 1362 840 magorum
1384 761 1416 822 et

270 866 413 929 fallaciae
443 865 635 928 somniorum
666 868 697 927 et
726 863 870 926 licentiae
901 866 1072 944 poetarum.
1120 862 1229 943 atquin
1255 863 1288 924 iu
1310 880 1415 924 resur-

270 970 416 1032 rectionis
440 968 600 1049 exemplis
624 986 697 1030 cum
720 967 770 1029 dei
793 967 892 1030 uirtus
917 967 983 1029 siue
1005 986 1060 1048 per
1082 966 1251 1048 prophetas
1276 966 1343 1028 siue
1358 984 1414 1046 per

232 1072 432 1137 schristum
464 1073 529 1134 siue
559 1091 615 1153 per
646 1071 803 1152 apostolos
831 1071 862 1132 in
891 1088 1020 1152 corpora
1042 1070 1163 1132 animas
1186 1072 1414 1150 repraesentat,

272 1176 370 1240 solida
403 1178 435 1238 et
468 1174 685 1238 contrectabili
719 1177 751 1237 et
782 1175 897 1238 satiata
927 1174 1057 1236 ueritate
1088 1172 1336 1254 praeiudicatum
1368 1176 1415 1237 est

271 1281 351 1343 hanc
375 1299 443 1343 esse
463 1280 597 1342 formam
613 1279 765 1358 ueritatis
788 1282 824 1341 ut
840 1297 965 1342 omnem
982 1281 1177 1341 mortuorum
1193 1276 1415 1341 exhibitionem

271 1384 496 1466 incorporalem
518 1383 705 1465 praestigias
729 1383 855 1445 iudices.

314 1486 366 1551 58.
403 1487 513 1552 Omnis
548 1505 621 1570 ergo
656 1487 761 1550 anima
795 1506 891 1569 penes
926 1487 1056 1565 interca,
1090 1486 1214 1566 inquis?
1264 1486 1342 1548 uelis
1379 1503 1415 1548 ac

220 1621 245 1659 ιο
271 1593 366 1671 nolio,
398 1595 428 1655 et
458 1592 612 1674 supplicia
636 1592 700 1654 iarn
722 1592 786 1654 illic
811 1595 842 1654 et
864 1591 1038 1674 refrigeria
1069 1589 1167 1653 habes
1190 1608 1360 1671 pauperem
1385 1594 1416 1653 et

272 1696 411 1759 diuitem.
448 1700 479 1759 et
502 1696 575 1776 quia
597 1695 703 1759 distuli
726 1695 830 1758 nescio
854 1695 929 1776 quid
952 1694 990 1756 ad
1013 1695 1093 1757 hano
1116 1697 1248 1776 partem,
1273 1694 1337 1756 iam
1360 1711 1415 1775 op·
1440 1765 1444 1769 .

272 1804 405 1883 portune
427 1801 460 1863 in
483 1801 625 1863 clausula
646 1799 784 1862 reddam.
833 1817 886 1862 cur
911 1799 995 1861 enim
1018 1816 1080 1861 non
1104 1800 1195 1879 putes
1220 1797 1359 1860 animam
1384 1800 1415 1860 et

271 1906 374 1986 puniri
406 1908 436 1968 et
466 1905 565 1967 foueri
595 1905 627 1966 in
654 1904 760 1966 inferis
784 1904 911 1966 interim
934 1903 991 1965 sub
1016 1902 1229 1984 expectatione
1251 1902 1413 1982 utriusque

272 2010 378 2072 iudicii
407 2010 440 2072 in
468 2009 603 2090 quadam
625 2009 827 2090 usurpatione
852 2011 882 2070 et
906 2007 1036 2069 candida
1061 1993 1148 2069 eius?
1194 2005 1267 2086 quia
1291 2006 1415 2068 saluum

220 2141 245 2178 15
273 2113 366 2176 debet
389 2132 468 2191 esse,
494 2113 608 2193 inquis
640 2112 673 2174 in
695 2111 809 2175 iudicio
833 2111 937 2173 diuino
962 2111 1121 2191 negotium
1145 2128 1237 2173 suum
1261 2109 1328 2172 sine
1351 2109 1416 2172 ulla

271 2217 496 2299 praelibatione
520 2217 707 2288 sententiam
732 2219 799 2278 turn
825 2217 897 2295 quia
920 2218 951 2278 et
974 2214 1075 2277 carnis
1099 2213 1287 2295 opperienda
1304 2217 1353 2276 est
1367 2232 1415 2275 re-

272 2322 393 2385 stitutio
414 2320 418 2403 l
438 2325 482 2404 [ut
512 2320 671 2403 cpnsortis
702 2337 868 2400 operarum
892 2322 984 2398 atque
1009 2318 1198 2380 mercedum.
1245 2317 1318 2398 quid
1343 2323 1513 2398 111ςο11651

272 2425 327 2488 fiet
349 2426 381 2488 in
404 2429 545 2506 tempore
568 2424 649 2488 isto?
674 2423 886 2486 dormiemus?
924 2426 956 2485 at
980 2423 1061 2485 enim
1087 2421 1209 2485 animae
1233 2440 1291 2484 nec
1313 2421 1346 2484 in
1369 2421 1416 2483 ui-

273 2529 418 2592 uentibus
443 2528 615 2601 dormiunt;
639 2546 803 2608 corporum
824 2527 907 2588 enim
924 2529 972 2589 est
988 2545 1127 2605 somnus,
1152 2542 1285 2606 quorum
1302 2524 1416 2606 etipsa

220 2660 247 2697 20
274 2651 357 2696 mors
389 2651 462 2696 cum
492 2633 616 2714 speculo
648 2650 703 2694 suo
734 2649 853 2694 somno.
900 2634 953 2694 aut
983 2630 1059 2693 nihil
1090 2630 1137 2692 uis
1169 2630 1220 2711 agi
1250 2630 1323 2708 illic,
1355 2647 1415 2709 quo

273 2738 420 2801 uniuersa
453 2737 633 2800 humanitas
667 2736 817 2814 trahitur,
852 2752 911 2816 quo
946 2753 1017 2816 spes
1049 2735 1148 2796 omnis
1181 2735 1415 2813 sequestratur?

273 2841 403 2904 delibari
418 2844 511 2922 putas
527 2841 675 2903 iudicium
692 2857 731 2901 an
747 2839 863 2920 incipi?
879 2838 1075 2920 praecipitari
1092 2856 1131 2899 an
1147 2836 1414 2918 praeministrari?

274 2947 335 3008 iarn
364 2964 438 3008 uero
469 2962 562 3025 quarn
592 2943 826 3025 iniquissimum
858 2943 957 3006 otium
988 2941 1069 3023 apud
1099 2941 1224 3020 interca,
1256 2941 1283 3002 si
1306 2947 1338 3003 ct
1360 2958 1417 3003 no-

274 3050 416 3112 centibus
445 3048 545 3110 adhuc
568 3048 632 3111 illic
655 3047 734 3110 bene
758 3051 806 3110 ost
829 3049 860 3108 et
883 3044 1102 3109 innocentibus
1126 3044 1286 3107 nondum?
1333 3044 1416 3124 quid,

220 3179 247 3216 25
276 3153 411 3234 amplius
442 3153 491 3215 uis
523 3171 590 3215 esse
613 3155 685 3233 post
708 3155 842 3215 mortem
865 3151 1029 3213 confusam
1053 3167 1141 3230 spem
1165 3151 1196 3211 et
1221 3148 1341 3211 incerta
1365 3167 1418 3209 ex·

274 3258 450 3338 pectatione
480 3257 642 3320 ludentem
673 3274 712 3319 an
742 3256 826 3318 uitae
857 3273 1021 3317 recensum
1048 3254 1110 3316 iam
1134 3257 1166 3316 et
1189 3253 1418 3316 ordinationem

274 3361 377 3424 iudicii
407 3361 641 3424 inhorrentem?
698 3379 822 3442 semper
852 3361 957 3422 autem
988 3360 1130 3440 expectat
1159 3356 1263 3419 anima
1293 3374 1418 3437 corpus,

275 3467 310 3527 ut
340 3465 442 3528 doleat
473 3467 526 3527 aut
557 3465 712 3547 gaudeat?
770 3482 872 3526 nonne
908 3467 939 3525 et
973 3463 1009 3524 de
1044 3479 1099 3525 suo
1135 3459 1250 3524 sufficit
1284 3460 1344 3522 sibi
1380 3459 1420 3522 ad
1486 3474 1490 3479 ·

381 3688 424 3756 10]
444 3687 477 3740 cl.
497 3688 560 3740 Luc.
575 3690 616 3751 16,
631 3691 662 3743 19
676 3703 731 3755 sqq.

319 3902 334 3953 5
358 3899 522 3966 representat
544 3898 570 3950 A
642 3900 658 3950 b
681 3894 732 3948 AN
754 3895 967 3949 PVNIAN'l'VR
985 3894 1081 3948 APVD
1104 3893 1257 3947 lxxxnos
1276 3893 1420 3946 Anxnnn

276 3987 339 4053 AB,
358 3984 409 4036 AN
426 3982 575 4048 Anxqvxn
593 3982 748 4035 ΙΝΤΕΒΙΜ
764 3982 974 4034 Px'xmnxvn
991 3982 1088 4036 APVD
1106 3979 1259 4034 insanos
1275 3979 1419 4034 ANIMAE

278 4073 328 4125 Gal
381 4086 473 4123 omnes
491 4072 518 4124 Β
572 4070 675 4122 animae
694 4071 721 4123 Β
783 4070 871 4136 inquit
889 4072 916 4122 A
979 4072 1009 4124 11
1030 4072 1158 4138 oportune
1177 4070 1203 4122 A
1263 4066 1421 4123 1211111111-

276 4159 331 4212 lam
349 4159 376 4211 B
443 4159 475 4212 14
493 4157 643 4224 quadamus
661 4159 688 4210 A
755 4160 786 4211 15
806 4157 834 4208 in
853 4158 902 4210 dcl.
921 4157 971 4211 Urs
1044 4159 1076 4210 16
1095 4157 1153 4208 tum
1175 4157 1236 4210 Gal:
1255 4156 1282 4207 et
1300 4158 1365 4207 tunc
1383 4155 1419 4220 Β,

276 4246 365 4300 oouA
413 4244 594 4311 operiendaB
641 4246 675 4297 23
688 4244 773 4296 otium
783 4246 818 4311 A,
832 4244 913 4296 etiarn
926 4245 953 4296 Β
1000 4246 1033 4297 25
1047 4241 1246 4310 ampliationem
1263 4243 1315 4297 Urs
1362 4257 1419 4292 esse

277 4350 327 4387 ono.
340 4332 376 4398 A,
398 4331 461 4385 add.
481 4349 515 4384 oo.
529 4332 587 4384 olio
605 4332 723 4385 eiusdem
741 4333 838 4385 natatis
893 4330 1030 4384 confusam
1055 4345 1129 4397 spem
1145 4327 1284 4382 chlcrus:
1308 4326 1420 4380 confusa

277 4434 323 4484 spe
341 4418 396 4470 AB
446 4420 480 4472 28
499 4417 626 4498 gaudeat]
645 4420 707 4484 geat
725 4419 751 4470 Β
