3200 5034
285 423 326 487 48
513 423 628 489 Quinti
647 423 786 492 Septimi
804 423 974 477 Florentia
994 422 1197 478 Tertulliani

285 600 422 682 alioquin
444 600 517 682 quid
540 601 598 663 erit
621 599 679 679 dei,
703 599 730 662 si
752 599 857 662 omnia
881 597 1047 662 Caesaris?
1086 616 1169 682 ergo,
1192 599 1305 680 inquis,
1328 599 1427 662 honor
1453 567 1471 658 ².

285 703 335 767 dei
357 707 405 768 est
427 705 571 769 lucernae
595 721 650 785 pro
674 702 793 767 loribus
818 707 849 767 et
871 703 978 767 laurus
994 703 1026 765 in
1041 703 1209 784 postibus?
1239 721 1302 766 non
1318 702 1427 783 utique

285 808 367 890 quod
390 808 438 872 dei
460 808 558 873 honor
581 810 639 887 est,
664 807 720 871 sed
736 807 818 889 quod
840 807 917 887 ciue,
941 807 994 888 qui
1007 825 1063 889 pro
1079 807 1135 870 deo
1152 807 1303 870 eiusmodi
1317 805 1426 870 officiis

284 913 463 994 honoratur,
487 912 692 995 quantumin
708 912 874 976 manifesto
895 908 952 992 est,
977 912 1065 975 salua
1080 912 1267 993 operatione,
1284 912 1428 993 quaeest

245 1037 258 1076 ⁵
285 1017 316 1080 in
340 1018 471 1098 occulto,
495 1017 534 1080 ad
557 1016 721 1081 daemonia
744 1016 941 1098 perueniens.
980 1017 1056 1079 certi
1079 1016 1162 1079 enim
1179 1035 1249 1080 esse
1264 1015 1426 1094 debemus,

286 1122 312 1186 si
331 1140 410 1204 ,quos
425 1123 504 1186 latet
518 1141 574 1203 per
588 1121 797 1204 ignorantiam
812 1121 1008 1194 litteraturae
1025 1120 1203 1200 saecularis,
1224 1121 1318 1183 etiam
1334 1118 1428 1183 ostio·

284 1246 354 1290 rum
378 1225 451 1290 deos
475 1226 558 1307 apud
572 1226 742 1306 Romanos,
765 1224 918 1290 Cardeam
941 1243 960 1288 a
982 1224 1158 1289 cardinibus
1183 1224 1372 1305 appellatam
1395 1225 1427 1285 et

285 1331 452 1396 Forculum
475 1349 493 1394 a
515 1330 633 1395 foribus
658 1333 688 1394 et
711 1329 924 1393 Limentinum
947 1347 967 1393 a
988 1329 1095 1393 limine
1111 1332 1142 1392 et
1160 1329 1264 1411 ipsum
1280 1327 1427 1391 Iannma

284 1436 394 1500 ianua:
418 1439 450 1499 et
471 1436 579 1516 ntique
595 1435 721 1515 scimur,
744 1433 819 1498 licet
834 1434 962 1498 nomina
975 1433 1082 1498 inania
1097 1436 1191 1515 atque
1207 1431 1339 1496 condeta
1354 1431 1426 1510 sint,

233 1560 257 1598 10
285 1558 356 1604 cum
378 1543 485 1604 tamen
512 1539 543 1603 in
572 1539 825 1621 superstitionem
848 1538 1053 1618 deducuntur,
1081 1555 1190 1619 rapere
1221 1537 1259 1600 ad
1289 1554 1324 1600 se
1354 1537 1427 1599 dae-

284 1645 389 1709 monia
411 1647 443 1707 et
465 1663 591 1709 omnem
615 1644 757 1725 spiritum
779 1643 967 1707 inmundum
996 1661 1052 1724 per
1083 1640 1324 1705 consecrationis
1353 1639 1427 1703 obli·

284 1751 476 1832 gementum.
522 1748 657 1829 ahoquin
688 1748 853 1812 daemonia
882 1747 1004 1820 nullum
1030 1745 1149 1810 habent
1176 1764 1290 1809 nomen
1318 1744 1427 1827 singil-

284 1840 382 1934 latim,
414 1853 468 1916 sed
494 1853 538 1917 ibi
565 1871 679 1917 nomen
706 1853 879 1932 inueniunt,
910 1850 966 1915 ubi
996 1854 1027 1914 et
1055 1851 1179 1934 pignus.
1219 1849 1314 1912 etiam
1344 1849 1427 1930 apud

285 1955 419 2021 Graecos
442 1956 621 2039 Apollinem
645 1956 822 2039 Thyraeum
854 1959 885 2020 et
911 1954 1051 2019 Antelios
1079 1955 1249 2018 daemonas
1277 1953 1427 2016 ostiorum

233 2081 258 2120 15
284 2061 442 2143 praesides
472 2058 616 2144 legimus.
661 2060 740 2124 haee
769 2060 864 2143 igitur
898 2060 936 2123 ab
967 2059 1053 2123 initio
1084 2057 1269 2140 praesidens
1300 2056 1426 2137 spiritus

285 2169 411 2230 sanctus
443 2166 536 2230 etiam
564 2165 642 2229 ostia
668 2164 981 2245 in'superstitionem
1009 2166 1142 2226 uentura
1163 2161 1350 2243 praececinit
1372 2179 1428 2241 per

286 2271 538 2352 antiquissimum
560 2269 732 2351 propheten
748 2266 892 2351 11191111
912 2286 986 2331 nam
1010 2271 1042 2331 et
1065 2267 1125 2331 1111
1147 2266 1228 2330 ostia
1250 2266 1282 2328 in
1304 2264 1428 2328 balneis
1441 2271 1538 2327 fillev

286 2376 406 2440 adorari
428 2375 579 2439 uidemus.
613 2374 639 2437 si
663 2377 768 2438 autern
792 2376 866 2437 sunt
888 2373 994 2455 quiin
1017 2372 1103 2436 ostiis
1120 2371 1296 2449 adorentur,
1320 2369 1359 2433 ad
1375 2387 1428 2433 eos

287 2484 318 2544 et
338 2481 484 2545 lucernae
508 2482 539 2542 et
560 2479 684 2542 laureae
699 2478 910 2560 pertinebunt.
939 2477 1021 2540 idolo
1044 2476 1165 2555 feceris,
1189 2473 1335 2557 quicquid
1350 2473 1429 2537 ostio

234 2603 259 2642 20
286 2585 404 2648 leceris.
443 2584 501 2647 hoc
527 2583 560 2647 in
588 2584 655 2647 loco
684 2601 720 2646 ex
743 2582 926 2645 auctoritate
949 2599 1072 2663 quoque
1096 2580 1145 2643 dei
1167 2581 1333 2658 contestor,
1357 2577 1430 2659 quia

286 2707 344 2753 nec
373 2692 478 2752 tutum
509 2691 556 2751 est
587 2687 780 2766 subtrahere,
812 2686 1028 2768 quodcumque
1058 2684 1113 2747 uni
1141 2683 1235 2747 fuerit
1265 2685 1428 2746 ostensum

286 2793 392 2874 utique
415 2793 555 2856 omnium
579 2810 682 2855 causa.
721 2791 783 2855 scio
806 2792 937 2854 fratrem
959 2809 1016 2871 per
1038 2789 1190 2852 uisioncm
1213 2787 1322 2850 eadem
1338 2788 1427 2849 nocte

286 2897 473 2980 castigatum
489 2896 635 2979 grauiter,
659 2896 741 2978 quod
756 2896 883 2959 ianuam
900 2894 966 2958 eius
982 2893 1084 2958 subito
1101 2893 1291 2957 adnuntiatis
1307 2890 1427 2974 gaudiis

285 3002 417 3084 publicis
441 3001 525 3064 serui
547 3003 756 3064 coronassent.
793 3002 951 3062 ettamen
975 3018 1037 3063 non
1058 2999 1125 3079 ipse
1149 2998 1351 3062 coronauerat
1374 2997 1429 3058 aut

234 3125 259 3164 1
285 3108 503 3188 praeceperat;
534 3123 609 3168 narn
638 3107 709 3167 ante
731 3106 926 3185 processerat
949 3106 980 3167 et
1002 3121 1163 3186 regressus
1186 3099 1428 3182 reprehenderat

285 3211 413 3274 factum.
465 3210 541 3273 adeo
587 3208 668 3290 apud
710 3209 805 3272 deum
843 3208 875 3270 in
913 3207 1090 3271 huiusmodi
1132 3206 1226 3269 etiam
1268 3204 1429 3284 disciphna

274 3307 421 3378 'familiae
444 3317 569 3377 nostrae
592 3313 805 3376 aestimamur.
843 3312 936 3395 igitur
963 3310 1045 3391 qnod
1072 3310 1203 3374 attineat
1230 3307 1268 3371 ad
1295 3307 1428 3370 honores

285 3437 397 3501 regum
420 3417 472 3480 uel
494 3417 728 3498 imperatorum,
753 3417 828 3479 satis
851 3416 1079 3497 praescriptum
1101 3413 1265 3491 habemus
1288 3410 1429 3474 inomni

286 3519 434 3604 obsequio
458 3540 526 3585 esse
549 3538 605 3584 nos
629 3524 771 3602 oportere
795 3519 968 3583 secundum
984 3518 1116 3600 apostoli
1130 3519 1333 3599 praeceptum
1354 3514 1429 3578 sub-

391 3695 436 3763 lo]
456 3693 489 3748 ci.
509 3710 589 3762 snpra
606 3710 631 3762 p.
645 3695 686 3758 33,
699 3693 716 3746 l.
730 3694 764 3747 22
774 3708 830 3760 sqq.
884 3692 929 3760 29]
949 3690 982 3744 cf.
1002 3691 1078 3743 Rom.
1098 3693 1138 3753 13,
1152 3692 1176 3744 7.

331 3850 461 3906 laeseris
479 3852 506 3904 A
571 3850 639 3904 411
657 3848 800 3902 manifesta
819 3851 859 3900 est
876 3847 1028 3916 operatione
1047 3848 1075 3901 A
1138 3845 1296 3900 5hooeulto
1314 3846 1342 3898 A
1360 3862 1428 3900 corr.
1541 3909 1546 3916 Ι

287 3937 358 3990 enim
377 3956 428 3993 om.
442 3940 469 3991 A
528 3938 614 4004 6quo
633 3937 660 3990 A
712 3920 855 3989 hostiorum
874 3935 901 3988 A
955 3932 1117 4002 7pellatam
1135 3934 1163 3987 A
1224 3935 1255 3986 10
1274 3947 1382 4000 rapere*
1402 3931 1430 3985 A

288 4027 320 4080 12
344 4023 502 4093 singulatim
529 4026 556 4078 B
627 4026 660 4078 14
683 4023 835 4091 Thyraeum
857 4023 927 4092 Rip:
953 4025 1060 4090 tyreum
1083 4023 1118 4089 A,
1145 4021 1245 4088 θυραῖον
1270 4020 1432 4089 (lampecius

288 4115 320 4168 16
338 4113 428 4166 hostia
446 4114 473 4166 A
538 4114 680 4165 uenturam
694 4112 724 4168 ,Β
796 4113 828 4164 17
847 4110 966 4178 prophen
986 4111 1013 4163 A
1078 4108 1143 4161 alias
1165 4109 1221 4178 Rip
1287 4111 1320 4163 18
1337 4123 1431 4160 eomm

287 4203 350 4253 sunt
369 4201 418 4256 eeu
467 4199 513 4266 qui
533 4200 611 4254 Soet:
629 4214 695 4266 quae
708 4198 763 4251 AB
812 4197 906 4249 hostiis
923 4198 950 4251 A
1007 4195 1170 4249 adornentur
1188 4197 1245 4248 Ina
1299 4197 1335 4249 24
1356 4210 1432 4247 coro-

287 4287 378 4340 narint
395 4288 423 4342 A
483 4289 516 4341 25
539 4283 749 4353 deprehenderat
767 4285 824 4338 Lat
885 4285 920 4338 26
939 4283 970 4336 de
989 4282 1130 4351 disciplina
1151 4274 1284 4348 Oeblcrem
1303 4282 1332 4334 in
1350 4281 1433 4336 disci-

287 4373 361 4442 phna
382 4375 514 4428 Wc'ssowa
566 4374 599 4426 27
619 4372 777 4425 aestimatur
797 4371 847 4425 Get
900 4370 998 4423 attinet
1016 4370 1072 4423 Iun
