3200 5034
280 408 343 471 376
509 404 626 471 Quinti
644 403 783 473 Septimi
801 402 967 457 Plorantis
986 401 1187 456 Tertulliani

280 582 399 666 signari
417 581 517 646 filium
533 580 707 663 etquidem
722 579 852 644 maximi
866 579 1003 661 impetus
1019 578 1171 662 portendi.
1205 576 1416 642 Alexandrum

280 687 333 768 qui
356 687 468 767 sciunt,
498 686 623 751 leonem
645 685 731 749 anuli
752 686 988 768 recognoscunt.
1034 683 1177 766 Ephorus
1201 681 1319 747 scribit.
1364 683 1417 746 sed

281 794 311 855 61
333 791 474 874 Dionysii
496 789 618 856 Siciliae
648 789 845 873 tyrannidem
867 789 1037 854 Η11161666
1060 787 1213 870 quaedam·
1240 787 1415 852 somniauit.

278 895 461 960 Heraclides
490 895 633 979 prodidit.
680 898 711 959 et
733 894 862 960 Seleuco
892 912 1026 977 regnum
1047 891 1142 957 Asiae
1164 893 1296 957 Laodice
1320 895 1418 956 mater

240 1025 253 1065 s
279 998 419 1065 nondum
442 1019 515 1064 eum
541 1000 632 1064 cnira
653 999 817 1083 praeridit.
852 998 1030 1081 Euphorion
1052 997 1260 1080 prouulgauit.
1295 996 1417 1060 Mithri-

279 1105 372 1169 datcn
403 1122 524 1186 quoque
554 1124 590 1168 er
619 1105 739 1169 somnio
762 1104 856 1168 Ponti
878 1104 1014 1186 potitum
1037 1121 1055 1167 a
1077 1101 1229 1168 Strabone
1256 1119 1416 1185 cognosco,

280 1212 312 1273 et
326 1209 499 1273 Baralirem
514 1209 677 1293 Illyricum
692 1226 711 1272 a
725 1208 872 1273 Molossis
896 1227 994 1290 usque
1009 1207 1228 1272 Macedoniam
1244 1226 1280 1270 er
1300 1207 1416 1270 somnio

279 1314 475 1378 dominatum
505 1314 543 1377 de
574 1313 766 1379 Callisthene
797 1313 891 1378 diseo.
938 1315 1093 1377 nonerunt
1123 1315 1154 1376 61
1176 1311 1311 1376 Romani
1332 1301 1417 1375 'ueri-

278 1419 354 1482 tatis
373 1417 552 1482 huiusmodi
568 1418 699 1482 somnia.
729 1418 967 1482 reformatorem
982 1417 1114 1500 imperii,
1137 1417 1304 1501 puerulum
1319 1416 1416 1480 adhuc

227 1551 254 1589 ro
280 1526 311 1587 61
332 1522 490 1604 priuatum
513 1523 582 1603 loci,
612 1525 643 1586 61
664 1522 782 1586 lulium
805 1520 972 1586 Octauium
995 1524 1120 1586 tantum
1143 1523 1174 1584 61
1197 1519 1257 1585 sibi
1278 1521 1416 1604 ignotum

278 1627 324 1691 M.
341 1626 462 1690 Tullius
484 1627 548 1690 iam
572 1629 603 1690 et
621 1625 804 1711 Augustum
829 1629 860 1690 et
881 1626 1023 1690 ciuilium
1045 1625 1206 1690 turbinum
1230 1625 1417 1708 sepultorem

280 1731 318 1794 de
340 1731 460 1794 somnio
484 1734 584 1795 uorat.
629 1731 662 1794 in
677 1731 800 1795 Vitellii
823 1730 1055 1795 commentariis
1079 1730 1239 1794 conditum
1262 1733 1317 1792 est.
1363 1748 1417 1792 166

279 1835 356 1900 haec
379 1836 446 1899 sola
468 1835 589 1919 species
613 1835 671 1899 erit
694 1853 892 1900 summarum
914 1835 1120 1918 praedicatrix
1140 1836 1342 1918 potestatum,
1366 1833 1417 1897 sed

281 1943 313 2004 et
341 1939 550 2022 periculorum
581 1943 613 2004 61
643 1940 822 2004 exitiorum:
853 1943 890 2004 11
918 1957 990 2003 cunr
1014 1939 1128 2007 Caesar
1156 1939 1189 2002 11
1212 1939 1328 2022 proelio
1350 1957 1416 2021 per-

229 2069 254 2110 11
281 2043 433 2107 duellium
461 2043 554 2109 Bruti
583 2048 616 2108 et
643 2042 733 2108 Cassi
757 2044 910 2127 Philippis
941 2061 1033 2127 aeger
1063 2044 1151 2124 alias,
1181 2043 1283 2107 maius
1314 2045 1416 2106 tamen

281 2148 447 2212 discrimen
477 2147 515 2212 ab
546 2147 688 2213 hostibus
719 2149 886 2229 relaturus,
918 2148 955 2212 dc
984 2146 1092 2212 Artori
1123 2147 1242 2212 uisioue
1274 2147 1416 2210 destituto

281 2251 481 2317 tabernaculo
508 2252 626 2317 euadit:
657 2255 693 2317 11
716 2271 788 2316 cum
811 2252 968 2335 Polycrati
990 2251 1093 2318 Samio
1116 2249 1181 2316 filia
1204 2243 1328 2316 6116611
1349 2269 1416 2334 pro-

281 2357 372 2439 spicit
394 2357 432 2421 de
455 2357 528 2421 solis
551 2357 688 2441 unguine
711 2360 743 2422 61
758 2358 884 2421 1616616
900 2357 993 2421 Iouis.
1028 2358 1208 2422 1616161111
1225 2353 1415 2441 ethonoresl

282 2464 314 2525 61
335 2461 461 2544 ingenia
482 2479 538 2543 per
560 2461 709 2542 quietem,
731 2464 931 2543 praestantur
954 2464 985 2525 et
1007 2461 1169 2542 medellae,
1192 2460 1365 2545 produntur
1386 2463 1500 2524 611156

230 2590 257 2630 ao
283 2566 377 2646 furta,
408 2565 612 2629 conferuntur
642 2569 674 2629 ct
703 2565 851 2630 thesauri.
897 2564 1052 2631 Ciceronis
1083 2566 1215 2649 denique
1239 2565 1417 2649 dignitatem

280 2669 403 2753 paruuli
426 2669 606 2734 etiamnunc
627 2671 737 2754 gerula
758 2671 822 2734 iam
845 2689 902 2735 sua
923 2671 1108 2754 inspexerat.
1151 2688 1266 2754 cycnus
1290 2671 1327 2734 de
1350 2670 1417 2733 sinu

280 2772 415 2839 Socratis
446 2774 628 2838 demulcens
658 2775 800 2840 homines
832 2775 1000 2858 discipulus
1023 2775 1113 2839 Plato
1142 2777 1199 2839 est.
1244 2775 1418 2857 Leonymus

280 2881 387 2961 pyctes
418 2877 457 2942 ab
481 2876 605 2943 Achille
635 2882 761 2943 curatur
789 2880 822 2944 in
846 2881 983 2944 somniis.
1029 2897 1176 2945 coronam
1199 2897 1325 2943 auream
1348 2891 1418 2942 curn

281 3001 317 3046 er
347 3000 417 3046 arce
448 2981 594 3047 Athenae
623 2983 841 3066 perdidissent,
872 2983 1039 3068 Sophocles
1069 2983 1206 3071 tragicus
1238 2983 1417 3048 somniando

228 3087 463 3152 111611116111.
508 3087 732 3172 Neoptolemus
763 3089 929 3172 tragoedus
961 3089 1042 3172 apud
1072 3088 1226 3153 Roeteum
1250 3087 1358 3153 Troiae
1387 3089 1417 3150 et

323 3224 489 3280 3di0nisius
506 3227 534 3281 A
603 3225 688 3297 sicilie
707 3244 740 3282 66
757 3226 841 3297 silicie
860 3228 887 3281 A
963 3226 1086 3279 hemerea
1104 3225 1235 3295 quaedam
1252 3227 1288 3294 B,
1305 3226 1424 3288 hemere'

281 3311 427 3380 squaedam
446 3313 474 3366 A
527 3312 684 3367 Aseleucho
703 3315 730 3368 B
792 3312 952 3382 5praenira
968 3314 997 3368 A
1053 3312 1236 3382 promulgauit
1254 3314 1281 3367 A
1333 3313 1417 3366 mitri·

280 3398 361 3452 daten
373 3399 409 3466 A,
427 3398 612 3452 Mithridatem
625 3401 652 3454 B
700 3402 832 3468 tquoquo
845 3401 872 3454 A
920 3399 1101 3455 7Balaridem
1117 3401 1145 3454 B
1192 3399 1334 3470 illyricum.
1354 3399 1416 3454 mal·

278 3485 342 3540 losis
360 3486 387 3539 A
440 3487 457 3542 8
475 3484 638 3540 Callisthene
657 3486 736 3541 disco.
756 3487 897 3540 Nouemut
909 3488 944 3554 B,
962 3485 1040 3555 gallis
1058 3487 1181 3540 tenendis
1199 3491 1380 3556 cognoucrunt
1391 3488 1417 3542 A

280 3567 600 3628 16611616161611
654 3572 832 3627 Octauianum
849 3577 914 3643 sort.
969 3575 1002 3629 12
1020 3576 1116 3627 161611
1131 3574 1182 3629 (161
1233 3573 1335 3628 Vitellii
1352 3576 1417 3644 Rip:
1486 3561 1487 3567 ἵ

279 3658 389 3712 uitelliis
402 3660 458 3713 AB
512 3662 544 3714 13
557 3659 693 3728 spetiesA
747 3660 974 3730 1616616161.Ι
991 3659 1190 3728 praeliumAB
1245 3664 1277 3717 15
1289 3660 1416 3730 Philippis

281 3746 345 3801 (161·
361 3745 498 3816 philippus
515 3747 570 3801 AB
623 3747 696 3811 alias,
714 3746 800 3800 maius
819 3749 909 3801 tamen
928 3746 1071 3800 discrimen
1089 3745 1122 3800 ab
1140 3747 1264 3803 hostibus
1281 3748 1416 3812 relaturus,

281 3833 313 3886 de
330 3831 423 3886 Artori
440 3834 600 3888 Hartclius:
618 3833 683 3887 alias
706 3833 791 3887 maius
815 3835 906 3887 tamen
925 3833 989 3887 alias
1008 3833 1110 3887 crimen
1131 3832 1164 3887 ab
1182 3834 1305 3889 hostibus
1323 3835 1416 3888 relatu-

279 3937 340 3973 rum
363 3936 391 3972 se
413 3920 495 3973 artori
518 3920 582 3989 AB,
605 3920 670 3974 alias
694 3921 869 3986 maiestatem,
893 3921 957 3974 alias
980 3920 1080 3974 crimen
1102 3921 1262 3989 (discrimen
1284 3924 1364 3990 Pera)
1385 3921 1415 3975 ab

279 4004 401 4060 hostibus
420 4005 560 4072 relaturus,
578 4006 679 4060 Artorii
699 4007 757 4077 (161,
770 4009 850 4078 Pam,
868 4008 954 4061 maius
972 4009 1063 4061 161161
1082 4007 1146 4061 alias
1166 4007 1308 4062 discrimen
1320 4008 1416 4062 Artorii

279 4094 343 4164 Rip,
362 4093 435 4158 alias,
454 4094 539 4147 maius
558 4096 649 4148 tamen
666 4097 740 4148 ratus
759 4094 902 4150 discrimen
920 4094 953 4149 ab
971 4095 1093 4150 hostibus
1111 4095 1259 4150 relatumm
1278 4113 1312 4162 sc,
1329 4095 1415 4150 Artori

284 4179 410 4235 Oeblcrua
482 4183 513 4235 18
536 4179 586 4233 soli
609 4182 737 4250 sanguine
759 4184 787 4237 A
857 4186 889 4238 21
913 4199 989 4237 suam
1014 4184 1064 4239 (161
1133 4185 1168 4238 22
1192 4182 1350 4253 Cleonymus
1370 4183 1415 4238 (161

281 4269 315 4322 24
332 4266 514 4337 prodidissent
532 4269 559 4322 B
629 4269 748 4337 tragigus
766 4272 794 4324 A
864 4273 897 4326 25
918 4271 1049 4324 Rheteum
1068 4272 1153 4327 Pam:
1175 4271 1287 4325 ritreum
1305 4273 1340 4341 A,
1361 4270 1414 4323 Eri-

281 4353 388 4406 threum
406 4355 433 4409 B
487 4356 513 4408 et
531 4354 630 4409 addidi
