3200 5034
629 444 659 499 V.
679 444 851 519 scorpiace
870 447 946 500 7-8.
1302 445 1359 508 161

220 618 353 699 denique
365 636 426 683 non
440 619 532 683 modo
544 619 710 699 iustorum,
727 637 838 682 uerum
854 620 949 683 etiam
961 622 993 683 et
1004 619 1235 703 prophetarum.
1260 619 1363 682 Dauid

220 723 405 805 exagitatur,
428 723 543 787 Helias
559 723 696 807 fugatur,
720 724 897 787 Hieremias
914 724 1082 806 lapidatur,
1104 724 1212 787 Esaias
1229 726 1363 803 secatur,

220 827 385 891 Zacharias
416 828 498 891 inter
526 828 624 891 altare
657 831 688 891 et
719 828 828 892 aedem
860 828 1033 892 trucidatur
1063 847 1215 912 perennes
1246 828 1364 892 cruoris

220 932 269 995 sui
290 932 430 996 maculas
455 931 594 997 silicibus
618 933 793 1016 assignans
833 933 900 1015 ipse
921 934 1062 997 clausula
1081 934 1159 1016 legis
1180 937 1212 998 et
1229 933 1364 1015 prophe-

219 1040 323 1099 tarum
350 1054 408 1100 nee
434 1037 616 1120 prophetes,
646 1038 701 1101 sed
728 1039 860 1121 angelus
887 1038 989 1102 dictus
1017 1039 1244 1102 contumeliosa
1269 1038 1363 1101 caede
1401 1064 1414 1101 ⁵

220 1141 382 1204 truncatur
405 1142 437 1205 in
459 1142 581 1223 puellae
609 1141 737 1205 saltioae
763 1143 861 1206 lucar.
913 1145 944 1206 et
969 1142 1077 1223 utique
1104 1144 1156 1223 qui
1179 1142 1290 1224 spiritu
1313 1142 1363 1205 dei

221 1244 409 1327 agebantur,
438 1244 477 1310 ab
504 1246 572 1328 ipso
599 1246 633 1309 in
660 1246 813 1328 martyria
837 1246 1070 1331 ,dirigebantur
1093 1246 1190 1310 etiam
1216 1246 1364 1329 patiendo

222 1366 300 1429 quae
324 1353 355 1413 et
377 1349 620 1432 praedicassent.
667 1351 794 1434 proinde
818 1354 850 1414 et
871 1351 974 1436 ,trina
995 1351 1188 1431 fraternitas,
1215 1368 1287 1414 cum
1311 1350 1364 1413 de·

222 1452 335 1517 dicatio
366 1454 512 1537 imaginis
542 1456 646 1538 regiae
677 1454 804 1518 turbam
834 1459 961 1538 urgeret
991 1454 1115 1541 offi,c,ii,
1148 1473 1211 1519 non
1240 1456 1364 1538 ignora-

221 1562 345 1638 uerunt,
373 1560 448 1640 quid
474 1558 562 1640 fides,
591 1577 670 1641 quae
698 1561 765 1623 sola
791 1560 824 1623 in
854 1559 916 1623 illis
939 1560 1066 1642 captiua
1087 1577 1150 1624 non
1173 1560 1285 1640 fuerat,
1313 1579 1364 1623 er·
1392 1584 1417 1622 ιο

220 1661 346 1747 igeret,
370 1663 566 1727 moriendum
590 1664 708 1727 seilicet
731 1664 882 1728 aduersus
904 1665 1109 1728 idololatrian.
1156 1665 1365 1728 meminerant

220 1766 325 1851 ,enim,
352 1769 384 1831 et
409 1767 585 1831 Hieremiae
616 1768 779 1831 scribentis
810 1769 850 1831 ad
878 1787 940 1850 eos,
973 1768 1086 1850 quibus
1113 1768 1169 1831 illa
1195 1768 1364 1851 captiuitas

221 1871 423 1939 imminebat:
472 1874 518 1956 ,et
564 1890 660 1936 nunc
704 1872 897 1957 uidebitis
943 1873 1029 1936 deos
1071 1872 1365 1955 Babyloniorum

223 1992 353 2039 aureos
381 1979 418 2040 et
445 1980 643 2059 argenteos
675 1982 710 2040 et
732 1976 879 2060 ligneos
902 1978 1053 2062 por,tari
1076 1995 1197 2061 super,
1218 1993 1365 2040 umeros

222 2082 461 2144 ostentantes
494 2080 717 2146 nationibus
749 2082 931 2145 timorem.
992 2085 1124 2145 cauete
1155 2081 1287 2165 igitur,
1320 2099 1365 2144 ne
1393 2103 1417 2142 15

147 2228 149 2231 .
219 2187 266 2269 ,et
294 2203 359 2249 uos
391 2184 618 2269 eon,similes
649 2185 734 2249 sitis
767 2186 971 2269 allophylis
1007 2189 1043 2249 et
1077 2186 1211 2249 timore
1244 2185 1365 2267 capia-

221 2288 327 2369 mini,
365 2289 449 2351 dum
485 2289 656 2373 aspicitis
690 2290 821 2353 turbas
857 2290 1075 2375 ,adorantes
1105 2293 1206 2353 retro
1237 2307 1297 2353 eos
1329 2293 1366 2352 et

222 2397 322 2473 ante,
351 2393 414 2457 sed
442 2393 555 2457 dieite
582 2394 619 2457 in
648 2394 770 2458 animo
797 2398 937 2457 uestro:
965 2398 1000 2457 te
1024 2394 1170 2457 domine
1194 2394 1367 2477 adorare,

222 2497 407 2561 debemus.
454 2498 558 2579 itaque
589 2498 734 2562 dixerunt
765 2516 783 2561 a
814 2499 870 2562 deo
905 2502 1055 2581 concepta
1091 2496 1212 2578 fiducia,
1248 2500 1365 2579 quanto

221 2601 337 2686 uigope
368 2602 473 2686 animp'
494 2601 722 2667 condicionales
753 2602 825 2666 illas
850 2602 952 2665 minas
975 2602 1057 2686 regis
1088 2603 1262 2666 excutiunt:
1293 2620 1365 2666 non
1392 2627 1418 2665 ao

221 2706 400 2770 habemus
421 2707 707 2791 ,necessitatem
730 2707 983 2790 respondendi
1003 2706 1088 2770 huic
1112 2710 1175 2770 tuo
1197 2706 1363 2789 imperio.

223 2812 280 2874 est
303 2810 400 2874 enim
428 2810 517 2874 deus
545 2814 688 2891 noster,
715 2829 844 2895 ,quem,
871 2811 1046 2891 colimus,
1074 2813 1207 2894 potens
1235 2828 1364 2874 eruere

222 2933 287 2979 nos
311 2915 353 2977 de
375 2914 528 2980 fornace
551 2915 653 2998 ignis
677 2918 713 2979 et
736 2935 776 2979 ex
796 2915 972 2979 manibus
991 2916 1083 2995 tuis,
1105 2918 1151 3001 ,et
1173 2918 1262 2979 tunc
1285 2932 1365 2999 m,a-

221 3019 403 3083 nifestum
426 3019 498 3082 fiet
520 3019 605 3100 tibi,
630 3020 724 3101 quod
747 3038 867 3101 neque
890 3020 989 3084 idolo
1011 3023 1074 3084 tuo
1098 3019 1366 3084 famulabimur

222 3142 288 3189 nec
315 3124 525 3208 imaginem
552 3126 661 3209 t,uam
690 3142 853 3204 auream,
881 3142 989 3205 quam
1017 3124 1209 3204 statuisti,
1237 3124 1365 3188 adora·
1391 3148 1417 3188 ss

220 3229 353 3293 bimus.
392 3246 409 3292 o
426 3228 609 3311 martyrium
629 3231 670 3313 ,et
691 3230 766 3313 sine,
780 3229 926 3311 passione
945 3228 1136 3311 perfectum!
1174 3228 1252 3292 satis
1268 3228 1364 3309 passi,

138 3334 302 3397 falsatis
330 3334 431 3397 exusti
458 3335 546 3414 sunt,
579 3351 656 3414 quos
684 3330 858 3418 proplterea
884 3333 960 3397 deus
987 3333 1079 3413 terit,
1110 3352 1149 3396 ne
1176 3335 1364 3421 potestatem

222 3436 288 3501 eius
319 3437 443 3501 mentiti
473 3437 663 3503 uiderentur.
709 3456 783 3501 nam
815 3440 847 3501 et
875 3438 1059 3518 Danielum,
1094 3436 1212 3501 nullius
1241 3439 1365 3519 praeter

222 3542 272 3605 dei
295 3542 469 3626 supplicem
492 3545 523 3606 et
544 3542 657 3607 ideirco
682 3560 699 3606 a
719 3541 885 3607 Chaldaeis
906 3543 1045 3606 delatum
1065 3560 1101 3605 ae
1121 3542 1364 3625 depostulatum,

327 3670 355 3739 6]
375 3669 408 3725 cf.
421 3670 517 3725 Matth.
534 3672 573 3736 14,
586 3672 602 3726 3
615 3686 671 3739 sqq.
728 3670 771 3739 13]
790 3670 851 3726 Bar,
866 3672 890 3739 6,
904 3673 920 3726 3
933 3686 988 3738 sqq.
1041 3670 1088 3739 20]
1107 3671 1175 3724 Dan.
1189 3671 1214 3735 3,
1228 3672 1268 3726 16.

266 3782 392 3837 2Esaias
410 3784 438 3837 Β
491 3783 634 3838 6salticae
655 3782 718 3838 Gal:
735 3783 863 3852 psalticae
882 3784 917 3850 B,
935 3782 1072 3852 [psalticae
1089 3784 1116 3837 A
1170 3783 1286 3837 letiam
1303 3783 1365 3837 aer:

221 3873 253 3925 ut
271 3870 352 3924 etiam
370 3872 406 3939 B,
423 3874 456 3924 ut
473 3872 501 3925 et
518 3871 572 3924 iam
590 3872 618 3925 A
675 3870 778 3925 utiam
796 3870 922 3939 patienda
940 3872 1084 3925 Hortcla'us
1136 3868 1279 3925 9turbam
1297 3871 1366 3924 luo:

222 3957 317 4011 urbem
335 3959 390 4013 AB
452 3957 535 4012 officii
552 3959 662 4027 scripsi:
681 3957 770 4011 officio
788 3958 844 4012 AB
902 3957 1064 4025 ignouemnt
1081 3958 1109 4011 A
1163 3955 1365 4024 requiesse,

222 4060 288 4113 quos
306 4047 333 4100 A
405 4047 438 4100 16
460 4044 566 4099 allofilis
589 4046 616 4099 A
680 4047 712 4101 18
731 4044 829 4097 *dicite
847 4046 874 4099 A
940 4046 972 4099 19
991 4045 1084 4112 coepta
1101 4043 1128 4096 A
1190 4042 1296 4110 quando
1316 4043 1366 4097 Gal

221 4132 334 4189 2011133
357 4151 408 4189 om.
427 4133 454 4187 Β
525 4132 665 4186 excuciunt
681 4133 709 4186 A
778 4133 811 4187 21
831 4131 1003 4200 respondenti
1020 4132 1047 4185 A
1117 4132 1152 4185 24
1174 4128 1366 4183 famulabimur

224 4221 288 4275 Gal:
305 4219 549 4275 famulabiturAB
606 4220 946 4275 2lexistieae1ustiea'c
964 4220 992 4273 A
1053 4219 1089 4273 28
1107 4216 1216 4271 mentiri
1234 4218 1261 4271 A
1319 4216 1365 4269 da-

222 4307 342 4361 nihelum
361 4309 397 4375 A,
415 4306 554 4361 Danielem
572 4308 600 4361 Β
652 4309 686 4363 29
705 4306 835 4375 suplicem
852 4308 880 4361 A
932 4305 1030 4359 idcirco
1049 4321 1064 4357 a
1083 4303 1210 4358 callatum
1228 4320 1258 4357 ac
1276 4305 1365 4371 posto·

221 4394 309 4465 latum
328 4396 356 4449 A

275 4490 416 4531 11131111.
1177 4482 1206 4530 11
