3200 5034
553 467 585 520 X.
604 468 648 520 De
667 467 774 520 anima
791 471 902 523 ‘ra-30.
1239 469 1301 532 349

161 644 195 704 et
224 641 437 723 insipientiam
469 660 527 706 nec
556 645 662 708 tamen
693 643 761 707 ideo
791 645 936 708 innatum
966 645 1003 707 de
1031 647 1104 709 nato
1126 645 1301 726 prouenire,

161 746 233 826 quia
262 747 450 810 contrarium
480 767 516 811 ex
539 748 693 812 contrario
716 748 781 828 fiat,
813 766 871 812 nec
893 747 1105 812 uisualitatem
1129 750 1243 812 iterum
1267 769 1302 812 ex

161 850 325 930 caecitate,
358 851 431 932 quia
461 851 498 914 de
528 853 706 916 uisualitate
738 853 871 916 caecitas
898 851 1030 932 accidat,
1061 871 1118 916 neo
1141 853 1302 917 iuuentam

160 973 268 1018 rursus
298 955 337 1018 de
368 960 495 1020 senecta
524 957 734 1037 reuiuescere,
765 958 837 1039 quia
861 977 896 1020 ex
919 958 1047 1021 iuuenta
1071 961 1196 1021 senecta
1219 977 1303 1022 mar-

160 1063 278 1138 cescat,
309 1079 367 1122 nec
396 1061 609 1143 insipientiam
632 1081 668 1124 ex
692 1062 845 1142 sapientia
868 1061 968 1125 denuo
992 1061 1137 1141 obtundi,
1169 1063 1302 1145 quiade
1342 1088 1355 1127 s

160 1164 341 1245 insipientia
371 1166 526 1246 sapientia
553 1168 692 1229 acuatur.
737 1165 788 1229 hic
811 1169 842 1229 et
864 1163 998 1230 Albinus
1021 1166 1145 1230 Platoni
1169 1184 1225 1230 suo
1248 1186 1303 1230 ue-

159 1269 239 1332 ritus
262 1269 419 1333 subtiliter
439 1270 561 1351 quaerit
576 1271 832 1334 contrarietatum
848 1289 964 1354 genera
980 1270 1181 1354 distinguere.
1214 1272 1303 1353 quasi

160 1391 223 1438 non
247 1377 279 1438 et
300 1374 378 1437 haec
401 1378 465 1438 tam
490 1374 631 1439 absolute
654 1375 686 1438 in
710 1374 983 1439 contrarietatibus
1006 1375 1106 1457 posita
1129 1375 1192 1440 sint
1209 1395 1301 1457 quarn

161 1482 194 1542 et
223 1478 278 1542 illa
307 1497 386 1560 quae
418 1479 456 1543 ad
487 1480 674 1543 sententiam
699 1479 842 1562 magistri
866 1479 915 1542 sui
936 1479 1173 1562 interpretatur,
1204 1480 1302 1543 uitam

160 1583 230 1647 dieo
261 1587 292 1647 et
321 1587 465 1648 mortem.
512 1603 569 1648 nee
600 1587 707 1648 tamen
731 1602 767 1647 ex
790 1586 889 1647 morte
913 1584 978 1648 nita
1000 1583 1148 1648 reddatur
1171 1584 1243 1665 quia
1267 1603 1303 1646 ex
1331 1610 1355 1649 ιο

160 1687 226 1751 uita
248 1706 332 1752 mors
356 1688 523 1752 deteratur.

205 1789 256 1855 30.
282 1792 361 1872 Quid
392 1797 497 1857 autem
528 1792 567 1856 ad
595 1796 698 1857 cetera
719 1793 1000 1876 respondebimus?
1045 1792 1146 1875 primo
1168 1792 1253 1856 enirn
1277 1793 1303 1856 si

162 1915 199 1958 ex
222 1898 354 1961 mortuis
377 1897 453 1977 uiui,
484 1897 564 1961 sicut
586 1898 703 1962 mortui
726 1917 762 1961 ex
784 1898 876 1978 uiuis,
909 1915 990 1961 unus
1014 1897 1141 1961 omnino
1166 1900 1197 1960 et
1219 1898 1303 1961 idem

162 2019 312 2065 numerus
335 2021 459 2084 semper
482 2002 636 2067 haesisset
658 2003 799 2066 omnium
822 2002 998 2082 hominum,
1028 2002 1080 2065 ille
1105 2001 1224 2064 seilicet
1246 2021 1304 2064 nu-

161 2125 267 2170 merus
291 2107 344 2187 qui
366 2107 486 2188 primus
509 2107 609 2170 uitam
632 2107 799 2170 introisset.
836 2107 952 2188 priores
976 2106 1058 2169 enim
1081 2106 1212 2169 mortuis
1228 2106 1303 2186 uiui,
1332 2133 1356 2174 15

162 2210 273 2274 dehinc
303 2212 418 2275 mortui
450 2230 485 2273 ex
515 2211 596 2274 uiuis
628 2214 659 2275 et
688 2229 796 2275 rursus
828 2231 863 2273 ex
893 2211 1024 2274 mortuis
1055 2210 1129 2273 uiui.
1176 2214 1207 2273 et
1230 2210 1305 2272 durn

161 2315 221 2379 hoc
243 2334 368 2397 semper
391 2335 427 2379 ex
450 2316 561 2396 isdem,
584 2317 627 2379 ita
650 2316 781 2380 totidem
805 2334 938 2396 semper,
961 2316 1014 2396 qui
1035 2333 1070 2377 ex
1086 2315 1195 2378 isdem.
1231 2333 1304 2378 nam

162 2438 263 2500 neque
285 2420 392 2501 plures
416 2423 471 2484 aut
486 2421 646 2502 pauciores
663 2420 800 2484 exissent
817 2437 910 2501 quam
926 2420 1090 2483 redissent.
1125 2419 1303 2482 inuenimus

162 2527 269 2588 autem
292 2525 374 2607 apud
397 2525 637 2588 commentarios
654 2524 749 2589 etiarn
763 2527 973 2589 humanarum
989 2524 1212 2605 antiquitatum
1228 2541 1305 2604 pau-

67 2633 150 2689 tila
163 2627 254 2691 latim
282 2628 455 2693 humanum
479 2647 579 2712 genus
603 2629 799 2709 exuberasse,
828 2629 903 2692 durn
926 2628 1111 2711 Aborigines
1133 2625 1136 2712 l
1157 2629 1208 2691 uel
1231 2628 1303 2710 uagi
1330 2655 1357 2693 κο

161 2733 214 2796 uel
246 2737 382 2796 extorres
412 2734 463 2797 uel
493 2733 619 2816 gloriosi
650 2734 762 2816 quique
793 2736 947 2816 occupant
977 2737 1076 2796 terras
1107 2736 1142 2796 ut
1173 2731 1303 2814 Scythae

160 2837 334 2917 Parthicas,
358 2841 393 2901 ut
409 2838 596 2902 Temenidae
619 2838 879 2920 Peloponnesum,
903 2841 939 2901 ut
953 2836 1163 2901 Athenienses
1182 2835 1303 2916 Asiam,

161 2945 198 3004 ut
227 2942 367 3026 Phryges
398 2942 538 3023 Italiam,
573 2946 609 3006 ut
638 2943 811 3006 Phoenices
840 2941 995 3022 Africam,
1031 2942 1106 3005 dum
1138 2942 1304 3005 sollemnes

162 3046 258 3108 etiam
285 3047 503 3129 migrationes,
533 3066 610 3128 quas
634 3047 760 3120 ἀποικίας
782 3051 910 3126 uocant,
942 3046 1069 3110 consilio
1093 3047 1304 3110 exonerandae

160 3151 380 3232 popularitatis
409 3152 442 3215 in
472 3151 549 3216 alios
579 3151 657 3215 fines
685 3153 829 3216 examina
850 3152 954 3235 gentis
978 3153 1129 3234 eructant.
1176 3154 1305 3214 namet
1331 3175 1357 3216 es

160 3253 353 3338 Aborigines
384 3274 467 3319 nunc
497 3256 529 3320 in
560 3257 624 3320 suis
655 3256 780 3320 sedibus
807 3259 995 3338 permanent
1018 3259 1049 3320 et
1072 3255 1146 3319 alibi
1169 3254 1304 3337 amplius

209 3464 416 3534 linsapientiae
434 3465 461 3520 A
480 3481 546 3520 coar.
601 3463 695 3517 idoneo
714 3465 740 3518 A
798 3463 1050 3518 2cuiusualitatem
1068 3463 1095 3516 A
1157 3461 1254 3529 3quia
1272 3461 1304 3513 de

162 3551 318 3605 uisualitate
336 3571 387 3608 om.
406 3552 433 3606 A
485 3551 679 3605 4reuiuisoere
698 3552 725 3605 Β
778 3550 841 3605 5in
860 3549 1017 3619 sapientiam
1036 3551 1062 3603 A
1125 3547 1234 3602 obtendi
1255 3549 1305 3602 Get

162 3639 196 3692 de
215 3639 279 3706 AB,
297 3654 327 3691 ex
347 3638 397 3693 cer
462 3637 539 3692 6hic
557 3639 670 3707 scepei:
686 3636 751 3690 haee
769 3638 825 3691 AB
894 3636 962 3691 9ad
982 3635 1141 3689 sententiam
1159 3636 1239 3706 Βίης,
1258 3635 1304 3689 ab·

162 3725 278 3778 sentiam
303 3726 358 3779 AB
428 3724 620 3793 interpretatur
642 3725 712 3793 Rip:
735 3724 947 3792 interpretantur
970 3724 1026 3777 AB
1097 3724 1129 3777 14
1147 3722 1259 3775 hesisset
1277 3723 1305 3776 A

161 3812 304 3865 hominurn
323 3829 372 3866 om.
386 3813 413 3866 A
468 3815 499 3867 15
513 3827 543 3864 ex
555 3810 667 3864 mortuis
679 3812 707 3864 Β
762 3813 794 3865 16
812 3813 838 3862 et
850 3826 940 3862 rursus
959 3826 989 3862 ex
1008 3809 1120 3862 mortuis
1138 3809 1195 3861 uiui
1213 3827 1263 3865 oua.
1277 3811 1305 3863 A

164 3904 197 3956 17
215 3899 320 3952 hisdem
339 3899 374 3965 A,
394 3898 488 3952 iisdem
507 3899 534 3952 Β
605 3896 700 3951 iisdem
719 3898 746 3951 Β
816 3912 878 3949 narn
902 3915 952 3952 om.
972 3897 998 3950 A
1071 3898 1103 3950 18
1125 3895 1259 3964 pauticres
1277 3896 1305 3948 A
1353 3967 1356 3974 Ι

162 3986 295 4040 redissent
313 3987 383 4054 Rip:
401 3985 519 4038 redirent
536 3986 592 4039 AB
652 3987 684 4040 19
703 3987 793 4037 autern
814 3985 877 4038 uer:
895 3983 975 4035 etiarn
994 3984 1050 4037 AB
1114 3984 1148 4036 20
1165 3982 1304 4034 humama-

162 4091 230 4127 num
249 4075 275 4128 A
328 4072 361 4126 ab
380 4072 482 4140 origine
499 4073 600 4141 ABmp
653 4074 685 4127 21
703 4073 750 4123 aut
767 4072 794 4125 A
808 4088 874 4125 corr.
929 4072 1018 4137 scytae
1031 4070 1057 4123 A
1070 4087 1138 4124 corr.
1192 4071 1225 4124 22
1244 4085 1304 4136 par-

161 4161 231 4214 ticas
251 4161 315 4227 AB,
333 4158 488 4212 Parthicam
505 4160 556 4213 Urs
608 4160 640 4210 ut
658 4157 817 4210 Temenidae
836 4156 1048 4224 Peloponnesum
1067 4173 1117 4210 om.
1131 4157 1157 4209 A
1211 4155 1304 4208 Teme·

162 4246 242 4300 nidae
263 4247 341 4302 Scal:
360 4245 480 4298 menidae
498 4246 534 4313 Β,
552 4243 679 4312 Amyclae
702 4246 753 4299 Urs
807 4247 841 4298 23
858 4242 965 4311 Phyges
984 4244 1011 4297 Β
1073 4245 1104 4294 ut
1124 4242 1188 4296 cer.-
1205 4245 1232 4294 et
1249 4243 1305 4296 AB

162 4337 198 4391 24
216 4332 406 4401 emigrationes
424 4334 451 4387 A
510 4331 678 4383 ducturae·
703 4333 738 4400 A,
761 4330 864 4391 ἀποικίας
883 4333 962 4401 Bury,
986 4329 1098 4398 μετοικίας
1115 4330 1143 4383 Β
1207 4331 1305 4382 uocant

161 4424 199 4490 A,
218 4420 356 4492 appellant
373 4423 401 4476 Β
452 4423 487 4476 26
505 4420 663 4488 Aborigines
686 4421 753 4475 Ure:
770 4419 885 4487 origines
903 4419 974 4488 AB¹
