3200 5034
281 464 325 530 50
510 461 624 527 Quinti
643 461 782 529 Septimi
800 460 970 515 Florentis
988 457 1191 512 Tertulliani

282 641 314 704 et
335 656 446 721 operae
469 655 557 702 meae
580 636 744 719 expunctio
767 639 921 718 qnantum
943 634 1003 700 sibi
1023 635 1110 700 libet.
1147 635 1267 699 utinam
1295 633 1424 716 quidem

281 761 340 808 uec
361 743 466 807 uidere
489 741 645 824 possimus
670 759 749 823 qnae
772 740 874 805 iacere
897 739 987 804 uobis
1010 739 1098 804 nefas
1115 742 1171 803 est.
1204 739 1424 821 sedquoniam

280 847 325 912 ita
347 847 448 912 malus
477 846 680 911 circumdedit
710 845 873 909 saeculum
902 844 1084 926 idololatria,
1114 844 1221 908 licebit
1250 845 1359 909 adesse
1388 845 1423 908 in

282 951 479 1035 quibusdam,
515 969 594 1033 quae
628 969 684 1015 nos
714 949 847 1030 homini,
882 967 945 1013 non
977 948 1073 1030 idolo,
1107 949 1260 1013 officiosos
1292 949 1421 1013 hebent.
1526 999 1530 1002 .

242 1082 255 1122 ⁵
281 1057 373 1138 plane
397 1056 437 1120 ad
460 1055 668 1120 sacerdotium
691 1057 722 1118 et
738 1053 923 1118 sacrificium
939 1056 1068 1117 uocatus
1091 1071 1154 1117 uon
1175 1053 1226 1118 ibo
1249 1052 1423 1137 (proprium

282 1161 365 1225 enim
387 1161 460 1225 idoli
482 1160 620 1225 officium
636 1158 707 1242 est),
731 1159 786 1222 sed
802 1177 904 1240 neque
919 1158 1048 1222 consilio
1063 1176 1164 1239 neque
1180 1161 1307 1240 sumptu
1323 1158 1422 1240 aliaue

281 1282 374 1347 opera
395 1265 428 1328 in
452 1264 604 1329 eiusmodi
627 1264 751 1347 fungar.
790 1263 817 1326 si
847 1265 973 1345 propter
1000 1262 1186 1325 sacrificium
1212 1265 1342 1327 uocatus
1371 1262 1421 1326 ad·

281 1369 401 1449 sistam,
430 1385 481 1433 ero
503 1368 657 1450 particeps
680 1367 889 1431 idololatriae:
920 1367 947 1429 si
976 1384 1027 1429 me
1054 1366 1115 1430 alia
1141 1384 1237 1430 causa
1262 1367 1423 1449 coniungit

281 1472 479 1553 sacrificanti,
502 1490 553 1536 ero
575 1475 700 1536 tantum
724 1474 880 1554 spectator
902 1469 1053 1534 sacrificii.

230 1603 255 1643 ιο
327 1576 376 1642 ll.
401 1576 549 1642 Ceterum
572 1578 646 1660 quid
668 1577 784 1641 facient
807 1577 890 1640 serui
912 1577 965 1640 nel
986 1575 1090 1639 liberti
1112 1576 1230 1656 fideles,
1258 1576 1335 1640 item
1354 1575 1422 1640 offi-

281 1683 375 1746 ciales
399 1682 645 1747 sacrificantibus
669 1682 801 1746 dominis
830 1682 881 1745 uel
903 1681 1042 1764 patronis
1064 1682 1116 1744 nel
1138 1681 1334 1762 praesidibus
1357 1682 1421 1745 suis

281 1787 510 1851 adhaerentes?
549 1787 604 1851 sed
628 1787 799 1850 simorum
823 1786 892 1866 quis
916 1785 1105 1848 sacrificanti
1127 1785 1298 1866 tradiderit,
1325 1786 1421 1850 immo

281 1892 308 1955 si
329 1890 425 1954 uerbo
446 1888 450 1975 1
470 1909 592 1973 quoque
616 1891 717 1971 aliquo
741 1888 889 1953 sacrificio
904 1876 1080 1952 necessario
1096 1889 1258 1969 adiuuerit,
1282 1890 1423 1953 minister
1434 1897 1523 1952 trra*

280 1993 447 2058 habebitur
468 1994 669 2060 idololatriae.
700 1994 793 2057 huius
817 1994 944 2076 regulae
967 2011 1121 2056 memores
1145 1993 1241 2056 etiam
1256 1994 1422 2077 magistra-

229 2124 255 2164 1
282 2098 366 2163 tibus
401 2103 431 2163 11
464 2099 672 2182 potestatibus
710 2097 848 2162 officium
884 2114 1051 2180 possumus
1085 2097 1213 2162 reddere
1249 2098 1421 2162 secundum

280 2203 474 2286 patriarchas
502 2207 534 2267 et
561 2207 679 2268 ceteros
703 2203 847 2282 maiores,
880 2202 934 2284 qui
963 2202 1089 2285 regibus
1120 2202 1291 2266 idololatris
1322 2221 1421 2285 usqne

281 2308 321 2372 ad
353 2307 450 2372 finem
479 2307 671 2372 idololatriae
707 2309 927 2389 apparuerunt.
974 2307 1046 2370 hinc
1079 2307 1220 2388 proxime
1253 2307 1421 2388 disputatio

281 2411 390 2476 oborta
413 2414 470 2492 est,
494 2430 534 2476 an
557 2431 667 2475 seruus
691 2412 739 2475 dei
763 2411 893 2475 alieuius
917 2410 1077 2494 dignitatis
1106 2414 1159 2475 aut
1181 2411 1345 2493 potestatis
1369 2411 1423 2474 ad-

281 2517 543 2580 ministrationem
566 2517 677 2600 capiat,
702 2516 728 2580 si
751 2515 789 2580 ab
814 2516 901 2579 omui
923 2515 1025 2598 specie
1048 2515 1239 2579 idololatriae
1266 2517 1422 2580 intactum

229 2647 255 2686 eo
282 2639 315 2684 se
339 2624 392 2684 ant
415 2621 517 2704 gratia
540 2621 645 2703 aliqua
668 2623 721 2683 aut
744 2620 861 2684 astutia
884 2620 977 2683 etiam
1000 2622 1158 2701 praestare
1181 2619 1290 2701 possit,
1314 2639 1422 2685 secun·

282 2725 356 2789 dum
380 2724 463 2807 quod
486 2728 518 2789 et
540 2724 709 2807 Iosophat
731 2723 845 2787 Daniel
868 2723 978 2786 mundi
1000 2722 1039 2785 ab
1063 2723 1236 2787 idololatria
1262 2728 1295 2788 et
1321 2725 1423 2808 digni-

281 2833 380 2894 tatem
405 2832 436 2893 11
457 2832 645 2912 potestatem
669 2827 972 2892 administraueruut
993 2827 1026 2890 in
1042 2831 1224 2891 ornamento
1240 2831 1271 2892 11
1284 2846 1423 2911 purpura

281 2934 494 3016 praefecturae
521 2933 616 2997 totius
643 2931 780 3016 Aegypti
808 2933 875 2995 siue
901 2932 1102 3014 Babyloniae.
1141 2932 1288 2996 cedamus
1318 2934 1423 3015 itaque

282 3037 448 3102 succedere
471 3037 564 3101 alicui
586 3053 687 3118 posse,
719 3039 755 3099 ut
780 3037 813 3100 in
841 3054 965 3118 quoquo
992 3037 1108 3101 honore
1137 3037 1171 3100 in
1201 3038 1267 3101 solo
1296 3037 1422 3112 honoris

229 3168 255 3208 2⁵
282 3142 407 3206 nomine
431 3141 556 3205 incedat
583 3159 684 3222 neque
708 3139 861 3204 sacrificet
887 3159 988 3223 neque
1015 3140 1175 3205 sacrifieiis
1204 3142 1422 3205 auctoritatem

283 3263 373 3309 suam
401 3244 630 3325 accommodet,
661 3262 724 3308 non
751 3245 870 3308 hostias
896 3245 991 3325 locet,
1023 3262 1085 3308 nou
1112 3263 1202 3309 curas
1231 3245 1422 3328 templorum

281 3349 414 3432 deleget,
438 3365 500 3412 uon
523 3349 690 3432 uectigalia
713 3366 822 3413 eorum
843 3352 998 3430 procuret,
1022 3366 1084 3413 non
1104 3349 1283 3433 spectacula
1298 3350 1371 3414 edat
1385 3351 1422 3414 de

326 3629 437 3696 lopere
455 3627 482 3680 A
536 3641 602 3695 qnae
621 3629 681 3680 tum
699 3628 726 3681 B
779 3627 885 3680 utinam
903 3629 1036 3694 quantum
1054 3625 1105 3681 sibi
1123 3626 1231 3695 quidem
1249 3628 1277 3681 A
1330 3629 1422 3695 apos-

282 3726 369 3768 semus
387 3713 414 3768 A
462 3713 575 3768 3malis
595 3715 646 3770 Get
692 3715 768 3767 6est
786 3713 945 3768 officiumA
989 3713 1043 3766 alia
1060 3729 1124 3766 uera
1142 3729 1221 3782 opera
1238 3715 1265 3768 A
1314 3716 1422 3769 10111-

281 3802 369 3854 terum
387 3801 415 3854 A
432 3801 473 3856 111
490 3802 598 3870 saepius
659 3800 749 3854 liberti
766 3803 837 3854 Iuor:
853 3799 933 3854 liberi
949 3802 1005 3855 AB
1069 3803 1098 3855 ll
1119 3799 1270 3869 presidibus
1287 3802 1315 3855 A
1368 3801 1423 3854 suis

282 3904 333 3942 om.
346 3888 374 3941 A
430 3888 462 3941 12
480 3887 580 3941 mirum
598 3886 662 3954 quid
681 3886 857 3940 sacrificantis
874 3888 901 3941 A
965 3890 998 3942 13
1016 3903 1079 3940 uero
1097 3887 1125 3940 A
1187 3886 1289 3956 aliquos
1306 3904 1340 3943 er
1357 3887 1422 3941 ahos

282 3988 348 4042 qnos
364 3975 393 4028 A
465 3977 497 4029 15
516 3976 543 4027 11
560 3973 738 4043 potestatibus
756 3992 807 4029 om.
824 3976 852 4029 A
924 3978 957 4032 18
979 3973 1089 4028 suborta
1112 3974 1163 4029 Get
1234 3977 1266 4030 19
1290 3975 1377 4046 speeie
1395 3977 1422 4030 A

282 4064 315 4116 22
334 4060 582 4115 administrauerint
599 4063 626 4116 B
678 4061 707 4114 iu
725 4064 882 4115 ornamento
900 4064 927 4115 et
944 4077 1062 4131 purpure
1079 4060 1261 4130 praefecturae
1283 4063 1422 4118 0111111111

282 4149 311 4202 iu
329 4152 484 4203 ornamento
503 4151 610 4203 suturae
628 4149 664 4216 A,
682 4149 712 4202 in
729 4152 885 4203 ornamento
903 4152 931 4203 et
948 4165 1066 4218 purpura
1084 4149 1193 4203 extitere
1211 4151 1246 4217 B,
1265 4152 1293 4204 11
1304 4149 1333 4203 iu
1344 4165 1422 4203 orna-

283 4238 373 4290 mento
392 4238 419 4289 et
436 4252 555 4304 purpura
573 4235 682 4294 extitere
701 4237 764 4303 Iuro,
782 4236 812 4289 in
830 4239 986 4290 ornamento
1004 4236 1186 4305 praefecturae
1202 4237 1259 4307 Rip
1314 4239 1349 4292 23
1367 4253 1423 4290 cre·

283 4321 377 4376 damus
396 4323 424 4377 B
484 4324 519 4378 24
540 4321 641 4376 honore
659 4322 736 4376 utin
758 4325 785 4378 B
846 4326 881 4378 26
904 4323 1057 4377 accomodet
1074 4324 1103 4378 A
1154 4307 1247 4377 ''ostim
1265 4325 1293 4378 A
1354 4327 1423 4378 tem-

282 4423 378 4480 porum
396 4409 423 4462 A
493 4411 526 4465 27
545 4408 696 4480 spectaculp
715 4408 761 4462 dat
779 4411 807 4465 A
