<?xml version="1.0" encoding="UTF-8"?>
<!DOCTYPE html PUBLIC "-//W3C//DTD XHTML 1.0 Transitional//EN"
    "http://www.w3.org/TR/xhtml1/DTD/xhtml1-transitional.dtd">
<html xmlns="http://www.w3.org/1999/xhtml" xml:lang="en" lang="en">
 <head>
  <title>
</title>
<meta http-equiv="Content-Type" content="text/html;charset=utf-8" />
  <meta name='ocr-system' content='tesseract 3.04.00' />
  <meta name='ocr-capabilities' content='ocr_page ocr_carea ocr_par ocr_line ocrx_word'/>
</head>
<body>
  <div class='ocr_page' id='page_1' title='image "./corpusscriptoru24wissgoog_0408.png"; bbox 0 0 3200 5034; ppageno 0'>
   <div class='ocr_carea' id='block_1_1' title="bbox 585 463 1327 529">
    <p class='ocr_par' dir='ltr' id='par_1_1' title="bbox 585 463 1327 529">
     <span class='ocr_line' id='line_1_1' title="bbox 585 463 1327 529; baseline 0.019 -14"><span class='ocrx_word' id='word_1_1' title='bbox 585 463 616 518; x_wconf 86' lang='lat' dir='ltr'><strong>X.</strong></span> <span class='ocrx_word' id='word_1_2' title='bbox 636 464 680 517; x_wconf 91' lang='lat' dir='ltr'><strong>Dc</strong></span> <span class='ocrx_word' id='word_1_3' title='bbox 698 464 806 517; x_wconf 88' lang='lat' dir='ltr'><strong>anima</strong></span> <span class='ocrx_word' id='word_1_4' title='bbox 824 466 933 520; x_wconf 82' lang='lat'>52-53.</span> <span class='ocrx_word' id='word_1_5' title='bbox 1265 463 1327 529; x_wconf 78' lang='lat'><strong>385</strong></span> 
     </span>
    </p>
   </div>
   <div class='ocr_carea' id='block_1_2' title="bbox 72 637 1328 932">
    <p class='ocr_par' dir='ltr' id='par_1_2' title="bbox 72 637 1328 932">
     <span class='ocr_line' id='line_1_2' title="bbox 72 637 1326 720; baseline 0.005 -21"><span class='ocrx_word' id='word_1_6' title='bbox 72 671 75 677; x_wconf 78' lang='lat'><strong>,</strong></span> <span class='ocrx_word' id='word_1_7' title='bbox 186 637 349 719; x_wconf 88' lang='lat' dir='ltr'><strong>comitatu,</strong></span> <span class='ocrx_word' id='word_1_8' title='bbox 365 638 515 702; x_wconf 88' lang='lat' dir='ltr'><strong>intestino</strong></span> <span class='ocrx_word' id='word_1_9' title='bbox 531 641 659 720; x_wconf 91' lang='lat' dir='ltr'><strong>repente</strong></span> <span class='ocrx_word' id='word_1_10' title='bbox 674 639 820 720; x_wconf 87' lang='lat' dir='ltr'><strong>perculsu</strong></span> <span class='ocrx_word' id='word_1_11' title='bbox 833 658 903 704; x_wconf 93' lang='lat' dir='ltr'><strong>cum</strong></span> <span class='ocrx_word' id='word_1_12' title='bbox 916 644 981 705; x_wconf 90' lang='lat' dir='ltr'><strong>tota</strong></span> <span class='ocrx_word' id='word_1_13' title='bbox 993 641 1161 706; x_wconf 76' lang='lat' dir='ltr'><strong>securitate</strong></span> <span class='ocrx_word' id='word_1_14' title='bbox 1173 641 1326 705; x_wconf 90' lang='lat' dir='ltr'><strong>desidunt.</strong></span> 
     </span>
     <span class='ocr_line' id='line_1_3' title="bbox 130 743 1327 827; baseline 0.003 -23"><span class='ocrx_word' id='word_1_15' title='bbox 130 773 133 780; x_wconf 95' lang='lat'>·</span> <span class='ocrx_word' id='word_1_16' title='bbox 185 758 252 805; x_wconf 92' lang='lat' dir='ltr'><strong>non</strong></span> <span class='ocrx_word' id='word_1_17' title='bbox 267 760 356 805; x_wconf 90' lang='lat' dir='ltr'><strong>secus</strong></span> <span class='ocrx_word' id='word_1_18' title='bbox 373 743 535 826; x_wconf 84' lang='lat' dir='ltr'><strong>naufragia</strong></span> <span class='ocrx_word' id='word_1_19' title='bbox 551 746 626 807; x_wconf 92' lang='lat' dir='ltr'><strong>sunt</strong></span> <span class='ocrx_word' id='word_1_20' title='bbox 640 743 736 823; x_wconf 87' lang='lat' dir='ltr'><strong>uitae,</strong></span> <span class='ocrx_word' id='word_1_21' title='bbox 753 743 850 807; x_wconf 90' lang='lat' dir='ltr'><strong>etiam</strong></span> <span class='ocrx_word' id='word_1_22' title='bbox 864 745 1052 827; x_wconf 76' lang='lat' dir='ltr'>tranquillae</span> <span class='ocrx_word' id='word_1_23' title='bbox 1064 745 1173 809; x_wconf 92' lang='lat' dir='ltr'><strong>mortis</strong></span> <span class='ocrx_word' id='word_1_24' title='bbox 1186 747 1327 808; x_wconf 80' lang='lat' dir='ltr'><strong>euentus</strong></span> 
     </span>
     <span class='ocr_line' id='line_1_4' title="bbox 185 845 1328 932; baseline 0.002 -23"><span class='ocrx_word' id='word_1_25' title='bbox 185 845 288 909; x_wconf 82' lang='lat' dir='ltr'>nihilo</span> <span class='ocrx_word' id='word_1_26' title='bbox 310 846 406 910; x_wconf 84' lang='lat' dir='ltr'><strong>refert</strong></span> <span class='ocrx_word' id='word_1_27' title='bbox 427 847 583 930; x_wconf 84' lang='lat' dir='ltr'><strong>integram</strong></span> <span class='ocrx_word' id='word_1_28' title='bbox 606 847 692 910; x_wconf 92' lang='lat' dir='ltr'><strong>abire</strong></span> <span class='ocrx_word' id='word_1_29' title='bbox 707 849 842 930; x_wconf 89' lang='lat' dir='ltr'><strong>corporis</strong></span> <span class='ocrx_word' id='word_1_30' title='bbox 858 865 970 913; x_wconf 88' lang='lat' dir='ltr'><strong>nauem</strong></span> <span class='ocrx_word' id='word_1_31' title='bbox 987 869 1026 913; x_wconf 91' lang='lat' dir='ltr'><strong>an</strong></span> <span class='ocrx_word' id='word_1_32' title='bbox 1043 849 1233 932; x_wconf 79' lang='lat' dir='ltr'>dissipatam,</span> <span class='ocrx_word' id='word_1_33' title='bbox 1256 867 1328 912; x_wconf 91' lang='lat' dir='ltr'><strong>cum</strong></span> 
     </span>
    </p>
   </div>
   <div class='ocr_carea' id='block_1_3' title="bbox 76 951 1379 3740">
    <p class='ocr_par' dir='ltr' id='par_1_3' title="bbox 186 951 1257 1034">
     <span class='ocr_line' id='line_1_5' title="bbox 186 951 1257 1034; baseline 0.004 -22"><span class='ocrx_word' id='word_1_34' title='bbox 186 951 312 1014; x_wconf 92' lang='lat' dir='ltr'><strong>animae</strong></span> <span class='ocrx_word' id='word_1_35' title='bbox 335 951 493 1034; x_wconf 84' lang='lat' dir='ltr'><strong>nauigatio</strong></span> <span class='ocrx_word' id='word_1_36' title='bbox 517 954 683 1015; x_wconf 90' lang='lat' dir='ltr'><strong>euertatur.</strong></span> <span class='ocrx_word' id='word_1_37' title='bbox 1255 1010 1257 1016; x_wconf 92' lang='lat'><em>.</em></span> 
     </span>
    </p>

    <p class='ocr_par' dir='ltr' id='par_1_4' title="bbox 76 1051 1379 1140">
     <span class='ocr_line' id='line_1_6' title="bbox 76 1051 1379 1140; baseline 0.007 -30"><span class='ocrx_word' id='word_1_38' title='bbox 76 1058 172 1113; x_wconf 74' lang='lat' dir='ltr'><strong>lloov</strong></span> <span class='ocrx_word' id='word_1_39' title='bbox 231 1051 398 1140; x_wconf 67' lang='grc'>111111</span> <span class='ocrx_word' id='word_1_40' title='bbox 421 1074 482 1136; x_wconf 92' lang='lat' dir='ltr'><strong>quo</strong></span> <span class='ocrx_word' id='word_1_41' title='bbox 506 1055 625 1140; x_wconf 73' lang='lat' dir='ltr'><strong>deinde</strong></span> <span class='ocrx_word' id='word_1_42' title='bbox 648 1056 754 1120; x_wconf 86' lang='lat' dir='ltr'><strong>anima</strong></span> <span class='ocrx_word' id='word_1_43' title='bbox 776 1057 860 1120; x_wconf 94' lang='lat' dir='ltr'><strong>nuda</strong></span> <span class='ocrx_word' id='word_1_44' title='bbox 883 1061 915 1121; x_wconf 91' lang='grc'><strong>11</strong></span> <span class='ocrx_word' id='word_1_45' title='bbox 935 1058 1060 1140; x_wconf 88' lang='lat' dir='ltr'><strong>explosa</strong></span> <span class='ocrx_word' id='word_1_46' title='bbox 1076 1058 1237 1121; x_wconf 86' lang='lat' dir='ltr'><strong>deuertet?</strong></span> <span class='ocrx_word' id='word_1_47' title='bbox 1260 1056 1326 1136; x_wconf 81' lang='lat' dir='ltr'><strong>sine</strong></span> <span class='ocrx_word' id='word_1_48' title='bbox 1366 1081 1379 1119; x_wconf 80' lang='grc'><strong>1</strong></span> 
     </span>
    </p>

    <p class='ocr_par' dir='ltr' id='par_1_5' title="bbox 89 1157 1379 3740">
     <span class='ocr_line' id='line_1_7' title="bbox 89 1157 1326 1243; baseline 0.002 -23"><span class='ocrx_word' id='word_1_49' title='bbox 89 1179 91 1182; x_wconf 68' lang='grc'><strong>’</strong></span> <span class='ocrx_word' id='word_1_50' title='bbox 185 1157 281 1221; x_wconf 93' lang='lat' dir='ltr'><strong>dubio</strong></span> <span class='ocrx_word' id='word_1_51' title='bbox 303 1176 528 1241; x_wconf 82' lang='lat' dir='ltr'><strong>prosequemur</strong></span> <span class='ocrx_word' id='word_1_52' title='bbox 552 1179 588 1223; x_wconf 91' lang='lat' dir='ltr'><strong>ex</strong></span> <span class='ocrx_word' id='word_1_53' title='bbox 611 1160 726 1224; x_wconf 90' lang='lat' dir='ltr'><strong>ordine.</strong></span> <span class='ocrx_word' id='word_1_54' title='bbox 761 1161 849 1242; x_wconf 88' lang='lat' dir='ltr'><strong>prius</strong></span> <span class='ocrx_word' id='word_1_55' title='bbox 872 1164 979 1225; x_wconf 92' lang='lat' dir='ltr'><strong>tamen</strong></span> <span class='ocrx_word' id='word_1_56' title='bbox 1002 1162 1084 1243; x_wconf 90' lang='lat' dir='ltr'><strong>quod</strong></span> <span class='ocrx_word' id='word_1_57' title='bbox 1100 1164 1148 1225; x_wconf 89' lang='lat' dir='ltr'><strong>est</strong></span> <span class='ocrx_word' id='word_1_58' title='bbox 1161 1161 1222 1224; x_wconf 91' lang='lat' dir='ltr'><strong>loci</strong></span> <span class='ocrx_word' id='word_1_59' title='bbox 1236 1160 1326 1223; x_wconf 88' lang='lat' dir='ltr'><strong>huius</strong></span> 
     </span>
     <span class='ocr_line' id='line_1_8' title="bbox 185 1262 1327 1347; baseline 0.003 -22"><span class='ocrx_word' id='word_1_60' title='bbox 185 1262 392 1344; x_wconf 79' lang='lat' dir='ltr'><strong>explebimus,</strong></span> <span class='ocrx_word' id='word_1_61' title='bbox 423 1281 472 1343; x_wconf 92' lang='lat' dir='ltr'><strong>ne,</strong></span> <span class='ocrx_word' id='word_1_62' title='bbox 503 1265 575 1344; x_wconf 92' lang='lat' dir='ltr'><strong>quia</strong></span> <span class='ocrx_word' id='word_1_63' title='bbox 597 1265 699 1328; x_wconf 92' lang='lat' dir='ltr'><strong>uarios</strong></span> <span class='ocrx_word' id='word_1_64' title='bbox 728 1265 829 1328; x_wconf 91' lang='lat' dir='ltr'><strong>exitus</strong></span> <span class='ocrx_word' id='word_1_65' title='bbox 857 1267 965 1329; x_wconf 86' lang='lat' dir='ltr'><strong>mortis</strong></span> <span class='ocrx_word' id='word_1_66' title='bbox 994 1266 1155 1345; x_wconf 83' lang='lat' dir='ltr'><strong>ediximus,</strong></span> <span class='ocrx_word' id='word_1_67' title='bbox 1187 1268 1327 1347; x_wconf 76' lang='lat' dir='ltr'><strong>expectet</strong></span> 
     </span>
     <span class='ocr_line' id='line_1_9' title="bbox 184 1367 1326 1452; baseline 0.003 -23"><span class='ocrx_word' id='word_1_68' title='bbox 184 1367 256 1447; x_wconf 90' lang='lat' dir='ltr'><strong>quis</strong></span> <span class='ocrx_word' id='word_1_69' title='bbox 281 1367 411 1431; x_wconf 90' lang='lat' dir='ltr'><strong>anobis</strong></span> <span class='ocrx_word' id='word_1_70' title='bbox 434 1368 569 1431; x_wconf 86' lang='lat' dir='ltr'><strong>rationes</strong></span> <span class='ocrx_word' id='word_1_71' title='bbox 593 1369 786 1452; x_wconf 84' lang='lat' dir='ltr'><strong>singulorum</strong></span> <span class='ocrx_word' id='word_1_72' title='bbox 811 1369 937 1433; x_wconf 90' lang='lat' dir='ltr'><strong>medicis</strong></span> <span class='ocrx_word' id='word_1_73' title='bbox 967 1371 1070 1451; x_wconf 88' lang='lat' dir='ltr'><strong>potius</strong></span> <span class='ocrx_word' id='word_1_74' title='bbox 1097 1369 1326 1451; x_wconf 88' lang='lat' dir='ltr'><strong>relinquendas,</strong></span> 
     </span>
     <span class='ocr_line' id='line_1_10' title="bbox 183 1471 1328 1553; baseline 0.003 -20"><span class='ocrx_word' id='word_1_75' title='bbox 183 1471 318 1553; x_wconf 89' lang='lat' dir='ltr'><strong>propriis</strong></span> <span class='ocrx_word' id='word_1_76' title='bbox 352 1471 476 1536; x_wconf 89' lang='lat' dir='ltr'><strong>arbitris</strong></span> <span class='ocrx_word' id='word_1_77' title='bbox 510 1473 651 1536; x_wconf 92' lang='lat' dir='ltr'><strong>omnium</strong></span> <span class='ocrx_word' id='word_1_78' title='bbox 684 1473 827 1536; x_wconf 88' lang='lat' dir='ltr'><strong>letalium</strong></span> <span class='ocrx_word' id='word_1_79' title='bbox 860 1487 964 1538; x_wconf 91' lang='lat' dir='ltr'><strong>rerum</strong></span> <span class='ocrx_word' id='word_1_80' title='bbox 1000 1474 1067 1537; x_wconf 91' lang='lat' dir='ltr'><strong>siue</strong></span> <span class='ocrx_word' id='word_1_81' title='bbox 1102 1492 1266 1537; x_wconf 91' lang='lat' dir='ltr'><strong>causarum</strong></span> <span class='ocrx_word' id='word_1_82' title='bbox 1297 1476 1328 1536; x_wconf 89' lang='lat' dir='ltr'><strong>et</strong></span> 
     </span>
     <span class='ocr_line' id='line_1_11' title="bbox 182 1574 1379 1660; baseline 0.002 -22"><span class='ocrx_word' id='word_1_83' title='bbox 182 1574 325 1657; x_wconf 89' lang='lat' dir='ltr'><strong>ipsarum</strong></span> <span class='ocrx_word' id='word_1_84' title='bbox 356 1577 560 1659; x_wconf 93' lang='lat' dir='ltr'><strong>corporalium</strong></span> <span class='ocrx_word' id='word_1_85' title='bbox 595 1578 821 1641; x_wconf 90' lang='lat' dir='ltr'><strong>condicionum.</strong></span> <span class='ocrx_word' id='word_1_86' title='bbox 860 1579 953 1660; x_wconf 89' lang='lat' dir='ltr'><strong>plane</strong></span> <span class='ocrx_word' id='word_1_87' title='bbox 989 1578 1026 1641; x_wconf 89' lang='lat' dir='ltr'><strong>ad</strong></span> <span class='ocrx_word' id='word_1_88' title='bbox 1057 1578 1327 1642; x_wconf 86' lang='lat' dir='ltr'><strong>immortalitatem</strong></span> <span class='ocrx_word' id='word_1_89' title='bbox 1355 1601 1379 1640; x_wconf 85' lang='lat'><strong>10</strong></span> 
     </span>
     <span class='ocr_line' id='line_1_12' title="bbox 183 1680 1327 1764; baseline 0.002 -22"><span class='ocrx_word' id='word_1_90' title='bbox 183 1680 310 1743; x_wconf 91' lang='lat' dir='ltr'><strong>animae</strong></span> <span class='ocrx_word' id='word_1_91' title='bbox 339 1680 389 1744; x_wconf 92' lang='lat' dir='ltr'><strong>hic</strong></span> <span class='ocrx_word' id='word_1_92' title='bbox 420 1698 540 1763; x_wconf 91' lang='lat' dir='ltr'><strong>quoque</strong></span> <span class='ocrx_word' id='word_1_93' title='bbox 571 1682 797 1764; x_wconf 86' lang='lat' dir='ltr'><strong>protegendam</strong></span> <span class='ocrx_word' id='word_1_94' title='bbox 827 1682 860 1744; x_wconf 93' lang='lat' dir='ltr'><strong>in</strong></span> <span class='ocrx_word' id='word_1_95' title='bbox 891 1683 1049 1746; x_wconf 83' lang='lat' dir='ltr'><strong>mentione</strong></span> <span class='ocrx_word' id='word_1_96' title='bbox 1077 1682 1186 1746; x_wconf 93' lang='lat' dir='ltr'><strong>mortis</strong></span> <span class='ocrx_word' id='word_1_97' title='bbox 1210 1681 1327 1763; x_wconf 88' lang='lat' dir='ltr'><strong>aliquid</strong></span> 
     </span>
     <span class='ocr_line' id='line_1_13' title="bbox 184 1784 1294 1867; baseline 0.003 -21"><span class='ocrx_word' id='word_1_98' title='bbox 184 1784 225 1846; x_wconf 93' lang='lat' dir='ltr'><strong>de</strong></span> <span class='ocrx_word' id='word_1_99' title='bbox 249 1785 436 1848; x_wconf 91' lang='lat' dir='ltr'><strong>eiuscemodi</strong></span> <span class='ocrx_word' id='word_1_100' title='bbox 459 1785 543 1848; x_wconf 88' lang='lat' dir='ltr'><strong>exitu</strong></span> <span class='ocrx_word' id='word_1_101' title='bbox 566 1786 779 1867; x_wconf 77' lang='lat' dir='ltr'><strong>interstruam,</strong></span> <span class='ocrx_word' id='word_1_102' title='bbox 804 1787 836 1849; x_wconf 96' lang='lat' dir='ltr'><strong>in</strong></span> <span class='ocrx_word' id='word_1_103' title='bbox 852 1804 912 1867; x_wconf 92' lang='lat' dir='ltr'><strong>quo</strong></span> <span class='ocrx_word' id='word_1_104' title='bbox 928 1787 1080 1867; x_wconf 88' lang='lat' dir='ltr'><strong>paulatim</strong></span> <span class='ocrx_word' id='word_1_105' title='bbox 1096 1805 1132 1849; x_wconf 93' lang='lat' dir='ltr'><strong>ac</strong></span> <span class='ocrx_word' id='word_1_106' title='bbox 1147 1787 1294 1850; x_wconf 88' lang='lat' dir='ltr'><strong>minutati</strong></span> 
     </span>
     <span class='ocr_line' id='line_1_14' title="bbox 183 1887 1323 1969; baseline 0.002 -19"><span class='ocrx_word' id='word_1_107' title='bbox 183 1888 292 1951; x_wconf 92' lang='lat' dir='ltr'><strong>anima</strong></span> <span class='ocrx_word' id='word_1_108' title='bbox 315 1888 476 1962; x_wconf 82' lang='lat' dir='ltr'><strong>dilabitur3</strong></span> <span class='ocrx_word' id='word_1_109' title='bbox 499 1887 644 1953; x_wconf 87' lang='lat' dir='ltr'><strong>habitum</strong></span> <span class='ocrx_word' id='word_1_110' title='bbox 668 1891 752 1953; x_wconf 92' lang='lat' dir='ltr'><strong>enim</strong></span> <span class='ocrx_word' id='word_1_111' title='bbox 775 1890 934 1954; x_wconf 89' lang='lat' dir='ltr'><strong>sustinens</strong></span> <span class='ocrx_word' id='word_1_112' title='bbox 951 1891 1133 1954; x_wconf 84' lang='lat' dir='ltr'><strong>defectionis</strong></span> <span class='ocrx_word' id='word_1_113' title='bbox 1151 1889 1323 1969; x_wconf 89' lang='lat' dir='ltr'><strong>abducitur,</strong></span> 
     </span>
     <span class='ocr_line' id='line_1_15' title="bbox 184 1991 1327 2077; baseline 0.001 -22"><span class='ocrx_word' id='word_1_114' title='bbox 184 1993 263 2055; x_wconf 93' lang='lat' dir='ltr'><strong>dum</strong></span> <span class='ocrx_word' id='word_1_115' title='bbox 285 1991 410 2056; x_wconf 89' lang='lat' dir='ltr'><strong>absumi</strong></span> <span class='ocrx_word' id='word_1_116' title='bbox 431 1993 564 2072; x_wconf 88' lang='lat' dir='ltr'><strong>uidetur,</strong></span> <span class='ocrx_word' id='word_1_117' title='bbox 595 1996 626 2056; x_wconf 89' lang='lat' dir='ltr'><strong>et</strong></span> <span class='ocrx_word' id='word_1_118' title='bbox 648 1994 858 2058; x_wconf 88' lang='lat' dir='ltr'><strong>coniecturam</strong></span> <span class='ocrx_word' id='word_1_119' title='bbox 880 1997 1020 2077; x_wconf 89' lang='lat' dir='ltr'><strong>praestat</strong></span> <span class='ocrx_word' id='word_1_120' title='bbox 1043 1995 1187 2059; x_wconf 87' lang='lat' dir='ltr'><strong>interitus</strong></span> <span class='ocrx_word' id='word_1_121' title='bbox 1215 1995 1252 2057; x_wconf 94' lang='lat' dir='ltr'><strong>de</strong></span> <span class='ocrx_word' id='word_1_122' title='bbox 1276 2013 1327 2056; x_wconf 92' lang='lat' dir='ltr'><strong>ex-</strong></span> 
     </span>
     <span class='ocr_line' id='line_1_16' title="bbox 183 2099 1378 2181; baseline 0 -21"><span class='ocrx_word' id='word_1_123' title='bbox 183 2115 293 2160; x_wconf 89' lang='lat' dir='ltr'><strong>cessus</strong></span> <span class='ocrx_word' id='word_1_124' title='bbox 316 2100 538 2178; x_wconf 88' lang='lat' dir='ltr'><strong>temperatura.</strong></span> <span class='ocrx_word' id='word_1_125' title='bbox 577 2100 642 2161; x_wconf 88' lang='lat' dir='ltr'><strong>tota</strong></span> <span class='ocrx_word' id='word_1_126' title='bbox 672 2102 778 2162; x_wconf 88' lang='lat' dir='ltr'><strong>autem</strong></span> <span class='ocrx_word' id='word_1_127' title='bbox 808 2099 841 2179; x_wconf 91' lang='lat' dir='ltr'><strong>in</strong></span> <span class='ocrx_word' id='word_1_128' title='bbox 864 2116 990 2181; x_wconf 90' lang='lat' dir='ltr'><strong>corpore</strong></span> <span class='ocrx_word' id='word_1_129' title='bbox 1015 2101 1105 2162; x_wconf 92' lang='lat' dir='ltr'><strong>etex</strong></span> <span class='ocrx_word' id='word_1_130' title='bbox 1129 2116 1255 2181; x_wconf 92' lang='lat' dir='ltr'><strong>corpore</strong></span> <span class='ocrx_word' id='word_1_131' title='bbox 1279 2100 1328 2161; x_wconf 90' lang='lat' dir='ltr'><strong>est</strong></span> <span class='ocrx_word' id='word_1_132' title='bbox 1355 2121 1378 2160; x_wconf 82' lang='lat' dir='ltr'><strong>rs</strong></span> 
     </span>
     <span class='ocr_line' id='line_1_17' title="bbox 182 2201 1326 2282; baseline 0.001 -18"><span class='ocrx_word' id='word_1_133' title='bbox 182 2201 273 2264; x_wconf 90' lang='lat' dir='ltr'><strong>ratio.</strong></span> <span class='ocrx_word' id='word_1_134' title='bbox 313 2219 387 2264; x_wconf 93' lang='lat' dir='ltr'><strong>nam</strong></span> <span class='ocrx_word' id='word_1_135' title='bbox 410 2201 551 2282; x_wconf 91' lang='lat' dir='ltr'><strong>quisquis</strong></span> <span class='ocrx_word' id='word_1_136' title='bbox 574 2201 627 2265; x_wconf 91' lang='lat' dir='ltr'><strong>ille</strong></span> <span class='ocrx_word' id='word_1_137' title='bbox 651 2202 751 2265; x_wconf 91' lang='lat' dir='ltr'><strong>exitus</strong></span> <span class='ocrx_word' id='word_1_138' title='bbox 772 2203 893 2282; x_wconf 79' lang='lat' dir='ltr'><strong>martie,</strong></span> <span class='ocrx_word' id='word_1_139' title='bbox 917 2203 985 2266; x_wconf 91' lang='lat' dir='ltr'><strong>sine</strong></span> <span class='ocrx_word' id='word_1_140' title='bbox 1001 2202 1094 2266; x_wconf 94' lang='lat' dir='ltr'><strong>dubio</strong></span> <span class='ocrx_word' id='word_1_141' title='bbox 1111 2206 1165 2266; x_wconf 87' lang='lat' dir='ltr'><strong>aut</strong></span> <span class='ocrx_word' id='word_1_142' title='bbox 1181 2203 1326 2266; x_wconf 92' lang='lat' dir='ltr'><strong>materia-</strong></span> 
     </span>
     <span class='ocr_line' id='line_1_18' title="bbox 167 2306 1325 2388; baseline 0 -20"><span class='ocrx_word' id='word_1_143' title='bbox 167 2322 257 2382; x_wconf 89' lang='lat' dir='ltr'><strong>rum</strong></span> <span class='ocrx_word' id='word_1_144' title='bbox 277 2309 332 2368; x_wconf 90' lang='lat' dir='ltr'><strong>aut</strong></span> <span class='ocrx_word' id='word_1_145' title='bbox 346 2306 510 2388; x_wconf 86' lang='lat' dir='ltr'><strong>regionum</strong></span> <span class='ocrx_word' id='word_1_146' title='bbox 525 2310 579 2370; x_wconf 88' lang='lat' dir='ltr'><strong>aut</strong></span> <span class='ocrx_word' id='word_1_147' title='bbox 593 2306 715 2369; x_wconf 89' lang='lat' dir='ltr'><strong>uiarum</strong></span> <span class='ocrx_word' id='word_1_148' title='bbox 730 2307 875 2370; x_wconf 92' lang='lat' dir='ltr'><strong>uitalium</strong></span> <span class='ocrx_word' id='word_1_149' title='bbox 892 2307 1011 2370; x_wconf 86' lang='lat' dir='ltr'><strong>euersio</strong></span> <span class='ocrx_word' id='word_1_150' title='bbox 1029 2309 1091 2370; x_wconf 89' lang='lat' dir='ltr'><strong>est:</strong></span> <span class='ocrx_word' id='word_1_151' title='bbox 1115 2307 1325 2385; x_wconf 77' lang='lat' dir='ltr'><strong>materiarum,</strong></span> 
     </span>
     <span class='ocr_line' id='line_1_19' title="bbox 183 2409 1326 2493; baseline 0 -21"><span class='ocrx_word' id='word_1_152' title='bbox 183 2412 222 2472; x_wconf 90' lang='lat' dir='ltr'><strong>ut</strong></span> <span class='ocrx_word' id='word_1_153' title='bbox 241 2409 324 2472; x_wconf 85' lang='lat' dir='ltr'><strong>fellis</strong></span> <span class='ocrx_word' id='word_1_154' title='bbox 347 2414 383 2473; x_wconf 89' lang='lat' dir='ltr'><strong>ut</strong></span> <span class='ocrx_word' id='word_1_155' title='bbox 405 2411 581 2493; x_wconf 82' lang='lat' dir='ltr'><strong>sanguinis3</strong></span> <span class='ocrx_word' id='word_1_156' title='bbox 604 2411 778 2493; x_wconf 85' lang='lat' dir='ltr'><strong>regionum,</strong></span> <span class='ocrx_word' id='word_1_157' title='bbox 803 2414 838 2474; x_wconf 93' lang='lat' dir='ltr'><strong>ut</strong></span> <span class='ocrx_word' id='word_1_158' title='bbox 862 2411 962 2474; x_wconf 89' lang='lat' dir='ltr'><strong>cordis</strong></span> <span class='ocrx_word' id='word_1_159' title='bbox 986 2413 1023 2474; x_wconf 90' lang='lat' dir='ltr'><strong>ut</strong></span> <span class='ocrx_word' id='word_1_160' title='bbox 1043 2411 1169 2483; x_wconf 81' lang='lat' dir='ltr'><strong>iecoris3</strong></span> <span class='ocrx_word' id='word_1_161' title='bbox 1194 2410 1326 2489; x_wconf 88' lang='lat' dir='ltr'><strong>uiarum,</strong></span> 
     </span>
     <span class='ocr_line' id='line_1_20' title="bbox 182 2514 1326 2597; baseline 0.001 -22"><span class='ocrx_word' id='word_1_162' title='bbox 182 2516 222 2577; x_wconf 92' lang='lat' dir='ltr'><strong>ut</strong></span> <span class='ocrx_word' id='word_1_163' title='bbox 246 2532 398 2577; x_wconf 91' lang='lat' dir='ltr'><strong>uenarum</strong></span> <span class='ocrx_word' id='word_1_164' title='bbox 420 2517 456 2577; x_wconf 90' lang='lat' dir='ltr'><strong>ut</strong></span> <span class='ocrx_word' id='word_1_165' title='bbox 478 2515 671 2578; x_wconf 88' lang='lat' dir='ltr'><strong>arteriarum.</strong></span> <span class='ocrx_word' id='word_1_166' title='bbox 703 2514 778 2578; x_wconf 92' lang='lat' dir='ltr'><strong>dum</strong></span> <span class='ocrx_word' id='word_1_167' title='bbox 794 2515 888 2597; x_wconf 79' lang='lat' dir='ltr'><strong>igitur·</strong></span> <span class='ocrx_word' id='word_1_168' title='bbox 904 2514 982 2578; x_wconf 88' lang='lat' dir='ltr'><strong>haec</strong></span> <span class='ocrx_word' id='word_1_169' title='bbox 998 2534 1033 2578; x_wconf 92' lang='lat' dir='ltr'><strong>ex</strong></span> <span class='ocrx_word' id='word_1_170' title='bbox 1047 2515 1171 2597; x_wconf 89' lang='lat' dir='ltr'><strong>propria</strong></span> <span class='ocrx_word' id='word_1_171' title='bbox 1186 2532 1326 2595; x_wconf 89' lang='lat' dir='ltr'><strong>quaeque</strong></span> 
     </span>
     <span class='ocr_line' id='line_1_21' title="bbox 182 2617 1378 2700; baseline -0.002 -20"><span class='ocrx_word' id='word_1_172' title='bbox 182 2617 318 2681; x_wconf 91' lang='lat' dir='ltr'><strong>iniuriae</strong></span> <span class='ocrx_word' id='word_1_173' title='bbox 348 2635 443 2680; x_wconf 90' lang='lat' dir='ltr'><strong>causa</strong></span> <span class='ocrx_word' id='word_1_174' title='bbox 472 2621 637 2682; x_wconf 89' lang='lat' dir='ltr'><strong>uastantur</strong></span> <span class='ocrx_word' id='word_1_175' title='bbox 666 2619 699 2682; x_wconf 94' lang='lat' dir='ltr'><strong>in</strong></span> <span class='ocrx_word' id='word_1_176' title='bbox 729 2636 855 2700; x_wconf 94' lang='lat' dir='ltr'><strong>corpore</strong></span> <span class='ocrx_word' id='word_1_177' title='bbox 879 2619 917 2682; x_wconf 93' lang='lat' dir='ltr'><strong>ad</strong></span> <span class='ocrx_word' id='word_1_178' title='bbox 948 2637 1046 2700; x_wconf 92' lang='lat' dir='ltr'><strong>usque</strong></span> <span class='ocrx_word' id='word_1_179' title='bbox 1069 2619 1214 2682; x_wconf 89' lang='lat' dir='ltr'><strong>ultimam</strong></span> <span class='ocrx_word' id='word_1_180' title='bbox 1238 2636 1325 2680; x_wconf 92' lang='lat' dir='ltr'><strong>euer-</strong></span> <span class='ocrx_word' id='word_1_181' title='bbox 1352 2639 1378 2678; x_wconf 84' lang='grc' dir='ltr'><strong>1ο</strong></span> 
     </span>
     <span class='ocr_line' id='line_1_22' title="bbox 184 2721 1326 2786; baseline 0 -2"><span class='ocrx_word' id='word_1_182' title='bbox 184 2721 307 2785; x_wconf 90' lang='lat' dir='ltr'><strong>sionem</strong></span> <span class='ocrx_word' id='word_1_183' title='bbox 323 2724 355 2785; x_wconf 91' lang='lat' dir='ltr'><strong>et</strong></span> <span class='ocrx_word' id='word_1_184' title='bbox 368 2721 586 2785; x_wconf 80' lang='lat' dir='ltr'><strong>rescissionem</strong></span> <span class='ocrx_word' id='word_1_185' title='bbox 602 2723 748 2786; x_wconf 91' lang='lat' dir='ltr'><strong>uitalium</strong></span> <span class='ocrx_word' id='word_1_186' title='bbox 764 2723 795 2786; x_wconf 93' lang='lat' dir='ltr'><strong>id</strong></span> <span class='ocrx_word' id='word_1_187' title='bbox 813 2725 860 2786; x_wconf 91' lang='grc'><strong>111</strong></span> <span class='ocrx_word' id='word_1_188' title='bbox 876 2723 1065 2786; x_wconf 87' lang='lat' dir='ltr'><strong>naturalium</strong></span> <span class='ocrx_word' id='word_1_189' title='bbox 1081 2721 1191 2786; x_wconf 91' lang='lat' dir='ltr'><strong>finium</strong></span> <span class='ocrx_word' id='word_1_190' title='bbox 1208 2722 1326 2786; x_wconf 87' lang='lat' dir='ltr'><strong>situum</strong></span> 
     </span>
     <span class='ocr_line' id='line_1_23' title="bbox 183 2825 1326 2909; baseline -0.001 -20"><span class='ocrx_word' id='word_1_191' title='bbox 183 2825 370 2906; x_wconf 91' lang='lat' dir='ltr'><strong>officiorum,</strong></span> <span class='ocrx_word' id='word_1_192' title='bbox 401 2827 575 2889; x_wconf 89' lang='lat' dir='ltr'><strong>necessario</strong></span> <span class='ocrx_word' id='word_1_193' title='bbox 606 2829 638 2889; x_wconf 91' lang='grc'><strong>11</strong></span> <span class='ocrx_word' id='word_1_194' title='bbox 664 2827 769 2890; x_wconf 90' lang='lat' dir='ltr'><strong>anima</strong></span> <span class='ocrx_word' id='word_1_195' title='bbox 796 2826 1007 2890; x_wconf 86' lang='lat' dir='ltr'><strong>dilabentibus</strong></span> <span class='ocrx_word' id='word_1_196' title='bbox 1035 2827 1188 2909; x_wconf 92' lang='lat' dir='ltr'><strong>paulatim</strong></span> <span class='ocrx_word' id='word_1_197' title='bbox 1210 2828 1326 2890; x_wconf 89' lang='lat' dir='ltr'><strong>instru-</strong></span> 
     </span>
     <span class='ocr_line' id='line_1_24' title="bbox 183 2929 1325 3012; baseline 0 -20"><span class='ocrx_word' id='word_1_198' title='bbox 183 2929 301 2992; x_wconf 90' lang='lat' dir='ltr'><strong>mentis</strong></span> <span class='ocrx_word' id='word_1_199' title='bbox 332 2933 364 2993; x_wconf 92' lang='grc'><strong>11</strong></span> <span class='ocrx_word' id='word_1_200' title='bbox 394 2929 557 2992; x_wconf 88' lang='lat' dir='ltr'><strong>domiciliis</strong></span> <span class='ocrx_word' id='word_1_201' title='bbox 588 2933 619 2993; x_wconf 92' lang='lat' dir='ltr'><strong>et</strong></span> <span class='ocrx_word' id='word_1_202' title='bbox 649 2931 757 3012; x_wconf 88' lang='lat' dir='ltr'><strong>spatiis</strong></span> <span class='ocrx_word' id='word_1_203' title='bbox 786 2931 850 2994; x_wconf 91' lang='lat' dir='ltr'><strong>suis</strong></span> <span class='ocrx_word' id='word_1_204' title='bbox 872 2931 1025 3012; x_wconf 90' lang='lat' dir='ltr'><strong>paulatim</strong></span> <span class='ocrx_word' id='word_1_205' title='bbox 1049 2933 1080 2993; x_wconf 93' lang='lat' dir='ltr'><strong>et</strong></span> <span class='ocrx_word' id='word_1_206' title='bbox 1101 2932 1170 3012; x_wconf 88' lang='lat' dir='ltr'><strong>ipsa</strong></span> <span class='ocrx_word' id='word_1_207' title='bbox 1192 2931 1325 3012; x_wconf 85' lang='lat' dir='ltr'><strong>migrare</strong></span> 
     </span>
     <span class='ocr_line' id='line_1_25' title="bbox 184 3033 1325 3116; baseline 0 -20"><span class='ocrx_word' id='word_1_208' title='bbox 184 3035 348 3115; x_wconf 89' lang='lat' dir='ltr'><strong>compulsa</strong></span> <span class='ocrx_word' id='word_1_209' title='bbox 378 3033 539 3097; x_wconf 90' lang='lat' dir='ltr'><strong>deducitur</strong></span> <span class='ocrx_word' id='word_1_210' title='bbox 568 3035 601 3097; x_wconf 92' lang='lat' dir='ltr'><strong>in</strong></span> <span class='ocrx_word' id='word_1_211' title='bbox 631 3033 844 3097; x_wconf 88' lang='lat' dir='ltr'><strong>diminutionis</strong></span> <span class='ocrx_word' id='word_1_212' title='bbox 876 3033 1014 3116; x_wconf 83' lang='lat' dir='ltr'><strong>effigiem</strong></span> <span class='ocrx_word' id='word_1_213' title='bbox 1044 3052 1107 3098; x_wconf 91' lang='lat' dir='ltr'><strong>non</strong></span> <span class='ocrx_word' id='word_1_214' title='bbox 1136 3034 1196 3097; x_wconf 90' lang='lat' dir='ltr'><strong>alio</strong></span> <span class='ocrx_word' id='word_1_215' title='bbox 1224 3034 1325 3112; x_wconf 91' lang='lat' dir='ltr'><strong>modo,</strong></span> 
     </span>
     <span class='ocr_line' id='line_1_26' title="bbox 184 3139 1378 3221; baseline -0.001 -21"><span class='ocrx_word' id='word_1_216' title='bbox 184 3155 282 3218; x_wconf 93' lang='lat' dir='ltr'><strong>quam</strong></span> <span class='ocrx_word' id='word_1_217' title='bbox 304 3156 365 3219; x_wconf 94' lang='lat' dir='ltr'><strong>quo</strong></span> <span class='ocrx_word' id='word_1_218' title='bbox 385 3141 416 3201; x_wconf 90' lang='grc'><strong>11</strong></span> <span class='ocrx_word' id='word_1_219' title='bbox 431 3139 573 3221; x_wconf 86' lang='lat' dir='ltr'><strong>aurigam</strong></span> <span class='ocrx_word' id='word_1_220' title='bbox 587 3139 691 3221; x_wconf 90' lang='lat' dir='ltr'><strong>ipsum</strong></span> <span class='ocrx_word' id='word_1_221' title='bbox 707 3156 830 3219; x_wconf 88' lang='lat' dir='ltr'><strong>quoque</strong></span> <span class='ocrx_word' id='word_1_222' title='bbox 847 3139 995 3202; x_wconf 87' lang='grc'>1111111111</span> <span class='ocrx_word' id='word_1_223' title='bbox 1011 3139 1231 3220; x_wconf 87' lang='lat' dir='ltr'><strong>praesumitur,</strong></span> <span class='ocrx_word' id='word_1_224' title='bbox 1254 3157 1327 3201; x_wconf 93' lang='lat' dir='ltr'><strong>cum</strong></span> <span class='ocrx_word' id='word_1_225' title='bbox 1353 3161 1378 3199; x_wconf 83' lang='grc'><strong>11</strong></span> 
     </span>
     <span class='ocr_line' id='line_1_27' title="bbox 184 3242 1326 3326; baseline 0.002 -22"><span class='ocrx_word' id='word_1_226' title='bbox 184 3242 267 3305; x_wconf 91' lang='lat' dir='ltr'><strong>uires</strong></span> <span class='ocrx_word' id='word_1_227' title='bbox 292 3260 442 3323; x_wconf 92' lang='lat' dir='ltr'><strong>equorum</strong></span> <span class='ocrx_word' id='word_1_228' title='bbox 465 3243 647 3325; x_wconf 85' lang='lat' dir='ltr'><strong>defatigatio</strong></span> <span class='ocrx_word' id='word_1_229' title='bbox 671 3243 848 3326; x_wconf 88' lang='lat' dir='ltr'><strong>denegauit,</strong></span> <span class='ocrx_word' id='word_1_230' title='bbox 880 3247 1033 3324; x_wconf 89' lang='lat' dir='ltr'><strong>quantum</strong></span> <span class='ocrx_word' id='word_1_231' title='bbox 1063 3243 1100 3306; x_wconf 93' lang='lat' dir='ltr'><strong>de</strong></span> <span class='ocrx_word' id='word_1_232' title='bbox 1127 3242 1326 3323; x_wconf 86' lang='lat' dir='ltr'><strong>dispositione</strong></span> 
     </span>
     <span class='ocr_line' id='line_1_28' title="bbox 184 3346 1326 3428; baseline -0.001 -19"><span class='ocrx_word' id='word_1_233' title='bbox 184 3346 329 3409; x_wconf 84' lang='lat' dir='ltr'><strong>destituti</strong></span> <span class='ocrx_word' id='word_1_234' title='bbox 355 3346 500 3426; x_wconf 79' lang='lat' dir='ltr'><strong>dominic,</strong></span> <span class='ocrx_word' id='word_1_235' title='bbox 532 3365 594 3410; x_wconf 92' lang='lat' dir='ltr'><strong>non</strong></span> <span class='ocrx_word' id='word_1_236' title='bbox 625 3347 662 3410; x_wconf 92' lang='lat' dir='ltr'><strong>de</strong></span> <span class='ocrx_word' id='word_1_237' title='bbox 694 3347 849 3428; x_wconf 90' lang='lat' dir='ltr'><strong>passionis</strong></span> <span class='ocrx_word' id='word_1_238' title='bbox 880 3348 1023 3410; x_wconf 87' lang='lat' dir='ltr'><strong>ueritate.</strong></span> <span class='ocrx_word' id='word_1_239' title='bbox 1062 3347 1189 3428; x_wconf 91' lang='lat' dir='ltr'><strong>perinde</strong></span> <span class='ocrx_word' id='word_1_240' title='bbox 1220 3347 1326 3428; x_wconf 83' lang='lat' dir='ltr'><strong>auriga</strong></span> 
     </span>
     <span class='ocr_line' id='line_1_29' title="bbox 184 3450 1324 3532; baseline 0 -20"><span class='ocrx_word' id='word_1_241' title='bbox 184 3451 322 3532; x_wconf 85' lang='lat' dir='ltr'><strong>corporis</strong></span> <span class='ocrx_word' id='word_1_242' title='bbox 346 3452 472 3532; x_wconf 88' lang='lat' dir='ltr'><strong>spiritus</strong></span> <span class='ocrx_word' id='word_1_243' title='bbox 497 3451 640 3514; x_wconf 87' lang='lat' dir='ltr'><strong>animalis</strong></span> <span class='ocrx_word' id='word_1_244' title='bbox 665 3450 839 3514; x_wconf 87' lang='lat' dir='ltr'><strong>deficientis</strong></span> <span class='ocrx_word' id='word_1_245' title='bbox 863 3452 1016 3514; x_wconf 89' lang='lat' dir='ltr'><strong>uectaculi</strong></span> <span class='ocrx_word' id='word_1_246' title='bbox 1032 3451 1167 3530; x_wconf 88' lang='lat' dir='ltr'><strong>nomine,</strong></span> <span class='ocrx_word' id='word_1_247' title='bbox 1191 3469 1253 3514; x_wconf 92' lang='lat' dir='ltr'><strong>non</strong></span> <span class='ocrx_word' id='word_1_248' title='bbox 1269 3467 1324 3513; x_wconf 91' lang='lat' dir='ltr'><strong>suo</strong></span> 
     </span>
     <span class='ocr_line' id='line_1_30' title="bbox 185 3551 1324 3638; baseline 0 -22"><span class='ocrx_word' id='word_1_249' title='bbox 185 3551 300 3633; x_wconf 87' lang='lat' dir='ltr'><strong>deficit,</strong></span> <span class='ocrx_word' id='word_1_250' title='bbox 324 3572 415 3637; x_wconf 93' lang='lat' dir='ltr'><strong>opere</strong></span> <span class='ocrx_word' id='word_1_251' title='bbox 439 3555 601 3635; x_wconf 88' lang='lat' dir='ltr'><strong>decedens,</strong></span> <span class='ocrx_word' id='word_1_252' title='bbox 625 3574 687 3620; x_wconf 93' lang='lat' dir='ltr'><strong>non</strong></span> <span class='ocrx_word' id='word_1_253' title='bbox 710 3556 827 3638; x_wconf 85' lang='lat' dir='ltr'><strong>uigore,</strong></span> <span class='ocrx_word' id='word_1_254' title='bbox 852 3560 922 3620; x_wconf 87' lang='lat' dir='ltr'><strong>actu</strong></span> <span class='ocrx_word' id='word_1_255' title='bbox 944 3555 1124 3637; x_wconf 85' lang='lat' dir='ltr'><strong>elanguens,</strong></span> <span class='ocrx_word' id='word_1_256' title='bbox 1148 3572 1210 3618; x_wconf 92' lang='lat' dir='ltr'><strong>non</strong></span> <span class='ocrx_word' id='word_1_257' title='bbox 1231 3556 1324 3634; x_wconf 88' lang='lat' dir='ltr'><strong>statu,</strong></span> 
     </span>
     <span class='ocr_line' id='line_1_31' title="bbox 185 3657 1377 3740; baseline 0.001 -20"><span class='ocrx_word' id='word_1_258' title='bbox 185 3659 405 3739; x_wconf 87' lang='lat' dir='ltr'><strong>constantiam,</strong></span> <span class='ocrx_word' id='word_1_259' title='bbox 430 3677 491 3722; x_wconf 93' lang='lat' dir='ltr'><strong>non</strong></span> <span class='ocrx_word' id='word_1_260' title='bbox 515 3657 726 3722; x_wconf 88' lang='lat' dir='ltr'><strong>substantiam</strong></span> <span class='ocrx_word' id='word_1_261' title='bbox 749 3659 936 3740; x_wconf 87' lang='lat' dir='ltr'><strong>decoquens,</strong></span> <span class='ocrx_word' id='word_1_262' title='bbox 965 3659 1037 3739; x_wconf 91' lang='lat' dir='ltr'><strong>quia</strong></span> <span class='ocrx_word' id='word_1_263' title='bbox 1059 3675 1236 3740; x_wconf 88' lang='lat' dir='ltr'><strong>comparere</strong></span> <span class='ocrx_word' id='word_1_264' title='bbox 1259 3675 1325 3720; x_wconf 89' lang='lat' dir='ltr'><strong>ces·</strong></span> <span class='ocrx_word' id='word_1_265' title='bbox 1351 3683 1377 3721; x_wconf 85' lang='lat' dir='ltr'><strong>ao</strong></span> 
     </span>
    </p>
   </div>
   <div class='ocr_carea' id='block_1_4' title="bbox 184 3793 1325 4390">
    <p class='ocr_par' dir='ltr' id='par_1_6' title="bbox 184 3793 1325 4390">
     <span class='ocr_line' id='line_1_32' title="bbox 231 3793 1325 3865; baseline -0.003 -15"><span class='ocrx_word' id='word_1_266' title='bbox 231 3797 248 3850; x_wconf 83' lang='lat'><strong>2</strong></span> <span class='ocrx_word' id='word_1_267' title='bbox 266 3795 425 3864; x_wconf 82' lang='lat' dir='ltr'><strong>naufraugia</strong></span> <span class='ocrx_word' id='word_1_268' title='bbox 441 3798 469 3850; x_wconf 94' lang='grc' dir='ltr'><strong><em>Β</em></strong></span> <span class='ocrx_word' id='word_1_269' title='bbox 522 3795 538 3850; x_wconf 86' lang='grc'>3</span> <span class='ocrx_word' id='word_1_270' title='bbox 557 3813 618 3850; x_wconf 91' lang='lat' dir='ltr'><strong>cum</strong></span> <span class='ocrx_word' id='word_1_271' title='bbox 635 3798 671 3865; x_wconf 90' lang='lat' dir='ltr'><strong>A,</strong></span> <span class='ocrx_word' id='word_1_272' title='bbox 690 3797 755 3850; x_wconf 91' lang='lat' dir='ltr'><strong>dum</strong></span> <span class='ocrx_word' id='word_1_273' title='bbox 773 3798 801 3851; x_wconf 98' lang='grc' dir='ltr'><strong><em>Β</em></strong></span> <span class='ocrx_word' id='word_1_274' title='bbox 854 3799 869 3852; x_wconf 88' lang='lat'>5</span> <span class='ocrx_word' id='word_1_275' title='bbox 887 3796 936 3848; x_wconf 81' lang='lat' dir='ltr'><strong>Du</strong></span> <span class='ocrx_word' id='word_1_276' title='bbox 953 3794 1150 3848; x_wconf 84' lang='lat' dir='ltr'><strong><em>ANIMARVM</em></strong></span> <span class='ocrx_word' id='word_1_277' title='bbox 1168 3793 1325 3850; x_wconf 81' lang='lat' dir='ltr'>EXCESSV</span> 
     </span>
     <span class='ocr_line' id='line_1_33' title="bbox 185 3879 1323 3952; baseline -0.003 -17"><span class='ocrx_word' id='word_1_278' title='bbox 185 3882 252 3949; x_wconf 86' lang='lat' dir='ltr'><strong>AB,</strong></span> <span class='ocrx_word' id='word_1_279' title='bbox 272 3883 336 3937; x_wconf 81' lang='lat' dir='ltr'><strong>Gel:</strong></span> <span class='ocrx_word' id='word_1_280' title='bbox 349 3889 414 3951; x_wconf 83' lang='lat' dir='ltr'><strong>post</strong></span> <span class='ocrx_word' id='word_1_281' title='bbox 430 3885 495 3938; x_wconf 78' lang='grc'>11111</span> <span class='ocrx_word' id='word_1_282' title='bbox 512 3885 596 3938; x_wconf 80' lang='lat' dir='ltr'><strong>uerba</strong></span> <span class='ocrx_word' id='word_1_283' title='bbox 612 3885 633 3952; x_wconf 77' lang='lat' dir='ltr'><strong>f.</strong></span> <span class='ocrx_word' id='word_1_284' title='bbox 649 3888 709 3938; x_wconf 77' lang='lat'><strong><em>160¹</em></strong></span> <span class='ocrx_word' id='word_1_285' title='bbox 725 3885 757 3938; x_wconf 82' lang='grc'><strong>111</strong></span> <span class='ocrx_word' id='word_1_286' title='bbox 774 3884 801 3936; x_wconf 98' lang='lat' dir='ltr'><strong><em>A</em></strong></span> <span class='ocrx_word' id='word_1_287' title='bbox 819 3885 915 3952; x_wconf 72' lang='lat' dir='ltr'><strong>ficitur</strong></span> <span class='ocrx_word' id='word_1_288' title='bbox 980 3897 1031 3949; x_wconf 91' lang='lat' dir='ltr'><strong>quo</strong></span> <span class='ocrx_word' id='word_1_289' title='bbox 1051 3881 1146 3934; x_wconf 90' lang='lat' dir='ltr'><strong>deinde</strong></span> <span class='ocrx_word' id='word_1_290' title='bbox 1167 3881 1229 3936; x_wconf 79' lang='lat' dir='ltr'><strong>Gal:</strong></span> <span class='ocrx_word' id='word_1_291' title='bbox 1254 3879 1323 3949; x_wconf 90' lang='lat' dir='ltr'><strong>quod</strong></span> 
     </span>
     <span class='ocr_line' id='line_1_34' title="bbox 184 3968 1324 4040; baseline -0.001 -19"><span class='ocrx_word' id='word_1_292' title='bbox 184 3968 249 4021; x_wconf 92' lang='lat' dir='ltr'><strong>inde</strong></span> <span class='ocrx_word' id='word_1_293' title='bbox 267 3970 295 4023; x_wconf 98' lang='grc' dir='ltr'><strong><em>Β</em></strong></span> <span class='ocrx_word' id='word_1_294' title='bbox 365 3969 475 4023; x_wconf 84' lang='lat' dir='ltr'><strong>diuertit</strong></span> <span class='ocrx_word' id='word_1_295' title='bbox 492 3972 518 4024; x_wconf 89' lang='lat' dir='ltr'><strong><em>A</em></strong></span> <span class='ocrx_word' id='word_1_296' title='bbox 584 3971 722 4040; x_wconf 89' lang='lat' dir='ltr'><strong>9propris</strong></span> <span class='ocrx_word' id='word_1_297' title='bbox 741 3972 768 4024; x_wconf 88' lang='lat' dir='ltr'><strong><em>A</em></strong></span> <span class='ocrx_word' id='word_1_298' title='bbox 833 3968 950 4023; x_wconf 88' lang='lat' dir='ltr'><strong>arbitriis</strong></span> <span class='ocrx_word' id='word_1_299' title='bbox 968 3970 996 4023; x_wconf 98' lang='grc' dir='ltr'><strong><em>Β</em></strong></span> <span class='ocrx_word' id='word_1_300' title='bbox 1067 3971 1097 4023; x_wconf 90' lang='lat' dir='ltr'><strong>ll</strong></span> <span class='ocrx_word' id='word_1_301' title='bbox 1117 3968 1278 4021; x_wconf 91' lang='lat' dir='ltr'><strong>mentionem</strong></span> <span class='ocrx_word' id='word_1_302' title='bbox 1296 3969 1324 4021; x_wconf 93' lang='grc' dir='ltr'><strong><em>Β</em></strong></span> 
     </span>
     <span class='ocr_line' id='line_1_35' title="bbox 187 4055 1323 4126; baseline -0.004 -15"><span class='ocrx_word' id='word_1_303' title='bbox 187 4057 220 4111; x_wconf 87' lang='grc'><strong>12</strong></span> <span class='ocrx_word' id='word_1_304' title='bbox 243 4055 374 4110; x_wconf 85' lang='lat' dir='ltr'><strong>eiusmodi</strong></span> <span class='ocrx_word' id='word_1_305' title='bbox 395 4058 423 4111; x_wconf 98' lang='grc' dir='ltr'><strong><em>Β</em></strong></span> <span class='ocrx_word' id='word_1_306' title='bbox 492 4073 544 4125; x_wconf 92' lang='lat' dir='ltr'><strong>quo</strong></span> <span class='ocrx_word' id='word_1_307' title='bbox 566 4056 696 4126; x_wconf 88' lang='lat' dir='ltr'><strong>paulatim</strong></span> <span class='ocrx_word' id='word_1_308' title='bbox 719 4074 750 4111; x_wconf 86' lang='lat' dir='ltr'><strong>ac</strong></span> <span class='ocrx_word' id='word_1_309' title='bbox 773 4056 927 4111; x_wconf 86' lang='lat' dir='ltr'><strong>minutatim</strong></span> <span class='ocrx_word' id='word_1_310' title='bbox 946 4056 1035 4108; x_wconf 89' lang='lat' dir='ltr'><strong>anima</strong></span> <span class='ocrx_word' id='word_1_311' title='bbox 1052 4057 1087 4122; x_wconf 91' lang='lat' dir='ltr'><strong>B,</strong></span> <span class='ocrx_word' id='word_1_312' title='bbox 1111 4070 1214 4123; x_wconf 90' lang='lat' dir='ltr'><strong>quoque</strong></span> <span class='ocrx_word' id='word_1_313' title='bbox 1236 4058 1323 4123; x_wconf 89' lang='lat' dir='ltr'><strong>prote-</strong></span> 
     </span>
     <span class='ocr_line' id='line_1_36' title="bbox 184 4141 1323 4213; baseline -0.001 -19"><span class='ocrx_word' id='word_1_314' title='bbox 184 4141 302 4210; x_wconf 87' lang='lat' dir='ltr'><strong>gendam</strong></span> <span class='ocrx_word' id='word_1_315' title='bbox 320 4143 437 4196; x_wconf 86' lang='lat' dir='ltr'><strong>animam</strong></span> <span class='ocrx_word' id='word_1_316' title='bbox 455 4145 483 4197; x_wconf 95' lang='lat' dir='ltr'><strong><em>A</em></strong></span> <span class='ocrx_word' id='word_1_317' title='bbox 548 4143 1128 4213; x_wconf 61' lang='grc'>111111131111111-1111111111111111111</span> <span class='ocrx_word' id='word_1_318' title='bbox 1194 4144 1226 4196; x_wconf 87' lang='grc'><strong>19</strong></span> <span class='ocrx_word' id='word_1_319' title='bbox 1245 4157 1323 4209; x_wconf 88' lang='lat' dir='ltr'><strong>quae-</strong></span> 
     </span>
     <span class='ocr_line' id='line_1_37' title="bbox 185 4228 1323 4299; baseline -0.002 -17"><span class='ocrx_word' id='word_1_320' title='bbox 185 4245 238 4297; x_wconf 92' lang='lat' dir='ltr'><strong>quc</strong></span> <span class='ocrx_word' id='word_1_321' title='bbox 256 4232 367 4299; x_wconf 80' lang='lat' dir='ltr'><strong>scripsi:</strong></span> <span class='ocrx_word' id='word_1_322' title='bbox 384 4246 487 4299; x_wconf 88' lang='lat' dir='ltr'><strong>quaque</strong></span> <span class='ocrx_word' id='word_1_323' title='bbox 506 4233 560 4285; x_wconf 93' lang='lat' dir='ltr'><strong>AB</strong></span> <span class='ocrx_word' id='word_1_324' title='bbox 622 4235 654 4287; x_wconf 82' lang='lat'><strong>21</strong></span> <span class='ocrx_word' id='word_1_325' title='bbox 674 4232 848 4286; x_wconf 87' lang='lat' dir='ltr'><strong>recessionem</strong></span> <span class='ocrx_word' id='word_1_326' title='bbox 868 4232 918 4286; x_wconf 81' lang='lat' dir='ltr'><strong>Gel</strong></span> <span class='ocrx_word' id='word_1_327' title='bbox 970 4232 1003 4285; x_wconf 80' lang='lat'><strong>23</strong></span> <span class='ocrx_word' id='word_1_328' title='bbox 1022 4229 1117 4299; x_wconf 80' lang='lat' dir='ltr'><strong>spaciis</strong></span> <span class='ocrx_word' id='word_1_329' title='bbox 1135 4231 1163 4283; x_wconf 96' lang='lat' dir='ltr'><strong><em>A</em></strong></span> <span class='ocrx_word' id='word_1_330' title='bbox 1227 4228 1323 4284; x_wconf 83' lang='grc'>28111-</span> 
     </span>
     <span class='ocr_line' id='line_1_38' title="bbox 184 4316 1323 4390; baseline 0.003 -22"><span class='ocrx_word' id='word_1_331' title='bbox 184 4316 277 4369; x_wconf 88' lang='lat' dir='ltr'><strong>ficiens</strong></span> <span class='ocrx_word' id='word_1_332' title='bbox 295 4318 439 4371; x_wconf 88' lang='lat' dir='ltr'><strong>uectaculis</strong></span> <span class='ocrx_word' id='word_1_333' title='bbox 457 4320 485 4372; x_wconf 95' lang='lat' dir='ltr'><strong><em>A</em></strong></span> <span class='ocrx_word' id='word_1_334' title='bbox 537 4322 571 4374; x_wconf 80' lang='lat'><strong>29</strong></span> <span class='ocrx_word' id='word_1_335' title='bbox 589 4321 708 4390; x_wconf 76' lang='lat' dir='ltr'><strong>opereA</strong></span> <span class='ocrx_word' id='word_1_336' title='bbox 759 4319 889 4386; x_wconf 81' lang='lat' dir='ltr'><strong>languens</strong></span> <span class='ocrx_word' id='word_1_337' title='bbox 904 4319 954 4373; x_wconf 82' lang='lat' dir='ltr'><strong>Gal</strong></span> <span class='ocrx_word' id='word_1_338' title='bbox 1007 4319 1040 4372; x_wconf 86' lang='lat'><strong>30</strong></span> <span class='ocrx_word' id='word_1_339' title='bbox 1053 4333 1203 4385; x_wconf 87' lang='lat' dir='ltr'><strong>comparere</strong></span> <span class='ocrx_word' id='word_1_340' title='bbox 1216 4317 1323 4385; x_wconf 80' lang='lat' dir='ltr'><strong>ABmp,</strong></span> 
     </span>
    </p>
   </div>
   <div class='ocr_carea' id='block_1_5' title="bbox 186 4406 1167 4542">
    <p class='ocr_par' dir='ltr' id='par_1_7' title="bbox 186 4406 1167 4542">
     <span class='ocr_line' id='line_1_39' title="bbox 186 4406 385 4472; baseline 0.01 -16"><span class='ocrx_word' id='word_1_341' title='bbox 186 4419 340 4472; x_wconf 87' lang='lat' dir='ltr'><strong>comparare</strong></span> <span class='ocrx_word' id='word_1_342' title='bbox 358 4406 385 4458; x_wconf 95' lang='grc' dir='ltr'><strong><em>Β</em></strong></span> 
     </span>
     <span class='ocr_line' id='line_1_40' title="bbox 238 4495 1167 4542; baseline 0.002 -2"><span class='ocrx_word' id='word_1_343' title='bbox 238 4500 281 4540; x_wconf 83' lang='lat' dir='ltr'><strong>XX.</strong></span> <span class='ocrx_word' id='word_1_344' title='bbox 296 4500 354 4541; x_wconf 80' lang='lat' dir='ltr'><strong>Text.</strong></span> <span class='ocrx_word' id='word_1_345' title='bbox 365 4501 382 4540; x_wconf 88' lang='lat'><strong>1.</strong></span> <span class='ocrx_word' id='word_1_346' title='bbox 1135 4495 1167 4542; x_wconf 78' lang='lat'><strong>25</strong></span> 
     </span>
    </p>
   </div>
   <div class='ocr_carea' id='block_1_6' title="bbox 0 0 1604 5034">
    <p class='ocr_par' dir='ltr' id='par_1_8' title="bbox 0 0 1604 5034">
     <span class='ocr_line' id='line_1_41' title="bbox 0 0 1604 5034; baseline 0 0"><span class='ocrx_word' id='word_1_347' title='bbox 0 0 1604 5034; x_wconf 95' lang='lat' dir='ltr'><strong> </strong></span> 
     </span>
    </p>
   </div>
  </div>
 </body>
</html>
