3200 5034
288 398 352 463 368
517 398 633 463 Quinti
652 397 794 467 Septimi
812 397 980 451 Florentis
999 397 1201 452 Tertulliani

288 574 412 638 addicta
434 578 541 638 tamen
565 576 687 639 animae
710 577 747 638 ut
769 575 940 659 suppellex,
964 578 1000 640 ut
1021 575 1268 639 instrumentum
1283 574 1316 636 in
1332 572 1436 637 officia

287 681 380 742 uitae.
425 697 495 744 earo
525 679 623 764 igitur
652 680 832 763 increpatur
863 681 895 744 in
927 680 1100 763 seripturis,
1131 679 1201 762 quia
1228 679 1307 742 nihil
1330 678 1436 741 anima

286 887 481 952 idololatriae
509 890 683 972 ceterisque
707 889 885 954 carnalibus
908 907 971 954 non
994 890 1149 971 sensibus,
1180 889 1234 954 sed
1258 887 1433 953 effectibus.

248 1019 261 1058 5
288 992 421 1074 denique
437 1011 548 1057 sensus
565 993 751 1058 delictorum
767 995 862 1058 etiam
880 995 946 1058 eine
963 993 1124 1058 effectibus
1145 991 1149 1078 1
1169 993 1317 1076 imputari
1333 992 1436 1056 solent
1448 995 1521 1050 fito

219 1125 224 1134 ·
287 1098 421 1161 animae.
484 1099 549 1179 qui
585 1098 726 1163 uiderit
763 1099 959 1162 mulierem
997 1099 1040 1163 ad
1074 1097 1433 1180 concupiscentiam,

236 1210 238 1214 '
287 1202 358 1266 iam
390 1201 622 1267 adulterabit
648 1202 685 1266 in
716 1203 835 1267 corde.
882 1206 1022 1267 ceterum
1045 1203 1119 1286 quid
1142 1221 1213 1268 cero
1237 1203 1304 1267 sine
1328 1203 1434 1266 anima

286 1307 415 1390 perinde
438 1306 471 1370 in
494 1307 673 1390 operatione
695 1307 861 1391 probitatis
884 1308 1023 1372 iustitiae
1045 1309 1229 1373 tolerantiae
1243 1307 1434 1391 pudicitiae?

287 1430 378 1496 porro
402 1412 493 1493 quale
516 1415 573 1492 est,
598 1415 642 1493 ut,
666 1413 715 1476 cui
730 1430 788 1476 nec
803 1412 886 1476 bona
901 1414 1089 1478 documenta
1103 1413 1228 1497 propria
1244 1411 1433 1492 subscribte,

235 1547 260 1586 ιο
287 1516 316 1579 ei
339 1517 470 1580 erimina
492 1516 666 1600 adpingas?
705 1516 760 1580 sed
783 1536 1014 1600 superquam
1038 1509 1227 1599 delin'quitur
1247 1519 1433 1582 conuenitur

286 1624 321 1684 ut
343 1621 397 1685 illa
419 1640 438 1685 a
457 1639 519 1703 qua
542 1621 734 1703 delinquitur
757 1625 914 1703 oneretur,
939 1622 1035 1686 etiarn
1058 1623 1090 1687 in
1114 1623 1281 1688 ministerii
1304 1641 1432 1686 accusa-

286 1726 414 1790 tionem.
450 1726 575 1809 grauior
597 1726 715 1790 inuidia
732 1730 781 1790 est
793 1727 827 1790 in
843 1727 1028 1810 praesidem,
1052 1745 1124 1790 eum
1140 1727 1243 1791 officio
1257 1727 1430 1810 pulsantur.

286 1831 357 1914 plus
377 1830 527 1912 caeditur,
552 1831 604 1913 qui
619 1829 716 1912 iubet,
740 1831 876 1913 quando,
899 1850 957 1896 nec
972 1832 1026 1914 qui
1041 1831 1232 1915 obsequitur,
1256 1835 1429 1895 excusatur.

329 1933 382 1999 41.
405 1934 529 1999 Malum
551 1935 647 2019 igitur
670 1935 805 2017 animae,
827 1939 952 2019 praeter
974 1937 1057 2018 quod
1080 1956 1116 2000 ex
1139 1937 1280 2001 obuentu
1304 1937 1429 2020 spiritus

235 2070 260 2110 1⁶
285 2057 421 2121 nequam
445 2040 680 2123 superstruitur,
704 2059 741 2104 ex
763 2040 892 2124 originis
916 2040 991 2104 uitio
1012 2041 1175 2120 antecedit,
1198 2041 1340 2104 naturale
1356 2058 1432 2122 quo-

286 2144 461 2208 dammodo.
508 2162 597 2225 nam,
630 2147 666 2209 ut
697 2144 846 2226 diximus,
880 2148 1010 2208 naturae
1040 2145 1196 2228 corruptio
1227 2145 1288 2208 alia
1318 2148 1430 2208 natura

286 2252 349 2330 est,
382 2248 503 2314 habens
533 2267 626 2312 suum
658 2249 822 2313 dominum
852 2253 884 2313 et
913 2252 1046 2333 petrem,
1077 2250 1183 2332 ipsum
1214 2249 1334 2313 seilicet
1363 2268 1429 2313 cor-

284 2353 438 2435 ruptionis
461 2356 631 2434 auctorem,
653 2357 690 2417 ut
711 2356 819 2417 tamen
841 2353 917 2417 insit
933 2357 963 2417 et
977 2353 1097 2418 bonum
1112 2354 1236 2418 animae
1253 2353 1331 2417 illud
1345 2353 1429 2435 prin-

286 2457 400 2540 cipale,
434 2457 513 2521 illud
547 2457 687 2522 diuinum
718 2461 812 2540 atque
844 2476 1032 2542 germanum
1063 2461 1095 2522 et
1124 2459 1247 2541 proprie
1277 2458 1426 2522 naturale.
1460 2505 1462 2508 -

234 2592 260 2631 eo
286 2563 369 2644 quod
391 2563 475 2625 enim
497 2580 517 2625 a
538 2562 606 2651 deo
620 2565 677 2643 est,
708 2581 770 2627 non
793 2566 860 2627 tam
882 2563 1072 2646 extinguitur
1095 2581 1191 2645 quam
1213 2562 1426 2626 obumbratur.
1546 2550 1550 2568 ⁸

285 2670 389 2751 potest
412 2667 497 2730 enim
521 2666 711 2748 obumbrari,
735 2668 808 2749 quia
829 2686 891 2732 non
907 2670 956 2731 est
971 2667 1058 2747 dene,
1082 2667 1221 2750 extingui
1236 2685 1299 2731 non
1314 2669 1425 2748 potest,

286 2773 359 2854 quia
373 2789 393 2835 1
407 2772 465 2835 deo
485 2775 543 2836 est.
577 2773 683 2855 itaque
706 2773 786 2837 sieut
808 2772 916 2835 lumen
940 2773 1043 2853 aliquo
1067 2771 1228 2836 obstaculo
1242 2770 1426 2852 impeditum

286 2878 403 2957 manet,
434 2876 490 2939 sed
518 2894 581 2941 non
612 2880 780 2958 comparet,
812 2877 838 2942 si
868 2880 958 2940 tanta
985 2876 1123 2940 densitas
1146 2875 1299 2939 obstaculi
1321 2875 1424 2954 fuerit,

285 2981 331 3045 ita
361 2984 392 3044 et
421 2979 540 3045 bonum
569 2981 602 3045 in
629 2982 734 3045 anima
757 3000 776 3045 a
797 2982 880 3045 malo
904 3000 1088 3065 oppressum
1111 2999 1166 3064 pro
1190 2981 1337 3062 qualitate
1360 2979 1424 3042 eius

233 3112 259 3152 ea
285 3089 340 3149 aut
370 3086 401 3149 in
432 3088 535 3150 totum
559 3089 652 3149 uacat
674 3087 829 3150 occultate
852 3086 921 3149 luce
945 3089 1010 3165 aut,
1040 3103 1103 3167 qua
1125 3085 1227 3166 datur,
1258 3084 1357 3148 radiat
1379 3083 1426 3146 in-

283 3193 379 3254 uenta
408 3190 564 3254 libertate.
611 3191 655 3254 sic
681 3191 811 3272 pessimi
834 3194 865 3255 et
888 3191 997 3273 optimi
1021 3190 1147 3272 quidam
1171 3193 1202 3253 et
1224 3189 1423 3253 nihilominus

284 3314 383 3358 unum
413 3313 521 3358 omnes
552 3295 675 3359 animae
704 3313 814 3377 genus.
860 3295 903 3358 sio
934 3298 966 3358 et
990 3296 1022 3358 in
1044 3294 1190 3376 pessimis
1214 3293 1330 3376 aliquid
1350 3292 1422 3356 boni

284 3403 316 3462 et
337 3399 369 3462 in
392 3399 517 3482 optimis
540 3399 682 3463 nonnihil
704 3400 844 3481 pessimi.
890 3399 974 3463 solus
1002 3400 1086 3463 enim
1109 3399 1184 3462 deus
1209 3399 1276 3463 sine
1298 3399 1420 3480 peooato

284 3507 316 3567 et
347 3505 431 3568 solus
461 3504 555 3568 homo
586 3504 653 3567 sine
680 3508 808 3586 peccato
833 3502 986 3584 Christis,
1018 3504 1092 3584 quia
1116 3507 1147 3566 et
1169 3503 1245 3566 deus
1270 3501 1416 3568 Christus.

231 3634 258 3673 eo
284 3609 328 3672 sio
359 3611 390 3672 et
419 3607 565 3672 diuinitas
596 3607 720 3672 animae
750 3608 783 3672 in
813 3607 977 3691 praesagia
1004 3607 1139 3691 erumpit
1161 3627 1197 3670 ex
1220 3606 1302 3670 bono
1323 3606 1418 3688 priore

387 3771 416 3840 e]
433 3771 623 3837 1111111.

328 3920 384 3975 lis
402 3920 430 3973 in
448 3920 483 3987 (rs
500 3919 655 3987 inductum)
671 3920 699 3974 A
768 3919 947 3974 Aidolatriae
969 3920 997 3972 A
1068 3917 1247 3973 6mulierem
1270 3919 1416 3973 odd.an

285 4011 317 4064 lo
336 4024 473 4077 oppugnas
491 4009 518 4062 A
573 4010 604 4062 11
623 4007 652 4061 in
670 4025 721 4064 om.
740 4009 768 4061 A
823 4009 855 4063 12
873 4006 1006 4075 presidem
1023 4006 1050 4060 A
1105 4008 1137 4061 17
1156 4005 1294 4059 dominum
1312 4006 1416 4074 scripsi:

284 4095 363 4149 denm
381 4096 437 4150 AB
491 4097 523 4149 19
541 4093 609 4148 illud
627 4112 660 4151 erc
677 4094 754 4148 illum
773 4096 800 4149 A
853 4094 973 4163 propriae
986 4094 1013 4147 A
1066 4095 1098 4148 21
1119 4109 1172 4147 non
1190 4096 1232 4146 est
1250 4093 1313 4146 deus
1330 4111 1376 4148 om.
1389 4092 1414 4144 A

283 4184 318 4238 22
336 4182 446 4250 aliquod
463 4184 492 4237 A
543 4184 578 4236 24
597 4182 635 4235 ita
655 4184 718 4237 Gel:
734 4182 787 4236 uia.
807 4182 845 4235 ita
863 4183 926 4250 AB,
946 4180 1051 4245 (1111111,
1069 4181 1108 4234 ita
1125 4182 1269 4236 Hactele'ua
1326 4182 1357 4234 25
1374 4193 1413 4230 oo-

284 4269 385 4323 cultata
409 4270 468 4323 luce
495 4270 564 4339 Rip:
590 4269 696 4323 occulta
722 4269 807 4323 salute
835 4270 890 4323 AB
966 4272 999 4324 30
1028 4269 1150 4336 presagia
1176 4286 1209 4323 ec
1235 4266 1364 4336 pressagia
1388 4265 1412 4316 A

282 4357 390 4425 proprio
408 4358 480 4426 Bmg
