3200 5034
272 421 292 483 6
502 420 618 485 Quinti
636 421 775 489 Septimi
794 421 962 475 Florentis
979 421 1183 475 Tertulliani

314 594 345 657 4.
368 595 416 658 Ne
438 596 508 677 quis
531 598 668 680 argutari
689 615 747 661 nos
769 601 870 680 putet,
894 597 934 660 ad
955 597 1161 680 principalem
1176 597 1413 681 ,auctoritatem

272 702 437 762 conuertar
458 699 557 782 ipsius
574 701 727 784 signaculi
742 701 849 764 nostri.
881 719 954 764 curn
969 719 1083 782 aquam
1105 702 1249 784 ingressi,
1263 699 1413 764 christia

271 820 346 865 nam
361 802 455 866 fidem
477 804 510 867 iu
532 804 611 888 legis
627 823 702 868 suae
718 804 816 868 uerba
829 804 1023 888 profitemm,
1038 806 1253 889 ,renuntiasse
1275 823 1333 868 uos
1347 804 1412 867 dia-

270 906 342 971 bolo
365 911 396 971 et
416 925 549 991 pompae
572 912 602 972 et
618 909 738 992 angelis
762 910 830 973 eius
852 928 906 974 ore
928 913 1035 974 nostro
1054 908 1060 993 Ι
1079 913 1303 974 contestamur.
1337 909 1413 990 quid
1429 915 1490 970 aaa

231 1029 244 1068 ⁵
271 1011 329 1075 erit
344 1030 504 1075 summum
527 1016 622 1095 atque
641 1014 854 1096 praecipuum,
874 1015 914 1098 ,iu
937 1032 997 1096 quo
1018 1013 1165 1098 diabolus
1181 1017 1214 1078 ot
1231 1031 1365 1096 pompae
1380 1015 1413 1076 et

271 1116 374 1198 augeli
396 1116 462 1180 eius
484 1121 685 1198 censeantur,
712 1136 807 1199 quam
829 1118 1033 1202 idololatria?
1081 1137 1118 1181 ex
1140 1136 1208 1202 qua,
1229 1117 1331 1181 omnis
1352 1117 1414 1180 im-

270 1219 406 1283 mundus
436 1225 468 1285 et
489 1239 625 1302 nequam
653 1221 781 1304 spiritus
813 1226 850 1285 ut
871 1224 916 1285 ita
938 1223 1079 1302 dixerim,
1102 1221 1180 1306 quia
1209 1239 1267 1285 uec
1290 1220 1413 1306 diutius,

270 1324 308 1386 dc
323 1323 391 1387 hoc.
422 1325 518 1407 igitur
541 1325 568 1388 si
589 1344 625 1388 ex
645 1325 821 1390 idololatria
841 1327 1023 1391 uniuersam
1043 1327 1297 1410 spectaculorum
1317 1343 1412 1409 para,-

270 1430 374 1491 turam
389 1433 530 1492 constare
553 1430 736 1510 constiterit,
758 1431 935 1495 indubitate
957 1431 1210 1514 praeiudicatum
1232 1430 1291 1493 erit
1312 1430 1413 1514 etiam

220 1549 244 1587 ιο
270 1531 309 1595 ad
331 1534 510 1615 spectacula
534 1535 690 1616 pertinere
717 1535 958 1600 renuntiationis
979 1539 1111 1619 ,nostrae
1137 1533 1358 1617 testimonium
1378 1534 1412 1597 in

269 1637 403 1717 lauacro,
432 1655 510 1719 quae
538 1638 659 1703 diabolo
689 1643 720 1702 et
741 1658 875 1722 pompae
903 1643 935 1703 et
957 1639 1081 1724 aug,elis
1109 1640 1174 1703 eins
1202 1639 1267 1703 sint
1288 1637 1412 1722 maupi-

268 1743 353 1823 pata,
370 1741 488 1806 scilicet
502 1762 557 1825 per
569 1743 773 1808 idololatrian.
806 1743 1127 1828 commemorabimus
1142 1744 1285 1828 origines,
1305 1744 1413 1826 singu·

269 1846 383 1926 lorum,
400 1846 511 1927 quibus
527 1847 740 1912 incunabulis
756 1849 789 1913 iu
805 1849 929 1912 saeculo
945 1848 1153 1932 adoleuerint,
1176 1849 1285 1913 exinde
1300 1849 1411 1932 titulos

270 1950 473 2030 quorundam,
497 1951 610 2033 quibus
636 1952 815 2016 nominibus
838 1957 1072 2036 nuncupentur,
1096 1953 1209 2037 exinde
1232 1955 1410 2036 apparatus,

218 2069 242 2109 15
269 2052 382 2135 quibus
410 2056 685 2137 superstitionibus
712 2057 917 2136 instruantur,
943 2061 1019 2140 ,tum
1045 2058 1127 2141 lopa,
1154 2056 1268 2138 quibus
1294 2057 1412 2139 praesi-

269 2157 359 2222 dibus
390 2159 541 2240 diceutur,
572 2164 641 2224 tum
668 2163 762 2241 artes,
794 2161 906 2243 quibus
935 2161 1124 2246 auctoribus,
1145 2161 1339 2242 deputentur.
1385 2161 1412 2223 si

269 2262 341 2343 quid
364 2281 400 2326 cx
414 2263 463 2327 his
487 2282 550 2328 uon
566 2264 605 2328 ad
627 2264 746 2329 idolum
761 2265 962 2349 pertinuerit,
985 2265 1023 2349 id,
1037 2284 1138 2346 neque
1161 2265 1200 2328 ad
1215 2264 1411 2329 idololatrian

269 2385 369 2448 neque
392 2368 431 2432 ad
453 2373 595 2433 nostram
619 2370 821 2434 cierationem
843 2369 1021 2452 pertinebit.

213 2479 218 2490 ‘
311 2469 341 2534 5.
365 2472 413 2535 Dc
435 2472 607 2556 originibus
637 2474 764 2555 quidem
795 2477 832 2537 ut
861 2474 1079 2538 secretioribus
1111 2477 1143 2538 et
1168 2474 1286 2557 ignotis
1312 2492 1409 2556 penes

217 2597 243 2636 n
268 2575 376 2659 plures
399 2579 577 2640 nostrorum
592 2579 614 2660 †
631 2578 705 2641 artis
728 2596 786 2641 nec
801 2578 926 2641 aliunde
949 2578 1207 2662 inuestigandum
1229 2577 1294 2662 fuit,
1314 2595 1409 2659 quam

268 2679 306 2742 de
322 2679 538 2745 instrumentis
562 2681 765 2745 ethnicalium
788 2683 972 2746 litterarum.
1009 2686 1122 2766 eitam
1144 2685 1291 2766 auctores
1307 2682 1410 2762 multi,

268 2783 322 2865 qui
345 2803 437 2867 super
468 2785 530 2849 ista
557 2806 591 2850 re
621 2787 863 2851 commentarios
895 2787 1072 2870 ediderunt.
1119 2785 1158 2850 ab
1181 2786 1237 2870 his,
1264 2787 1409 2850 ludorum

268 2889 354 2970 origo
382 2889 425 2952 sic
448 2889 593 2954 traditur:
621 2889 724 2972 Lydos
752 2910 788 2954 ex
810 2890 890 2954 Asia
912 2894 1103 2976 transponas
1130 2891 1164 2954 iu
1185 2890 1315 2975 lltrupia
1336 2909 1409 2954 cou-

269 2994 386 3058 sedisse
409 2993 555 3059 Timaeus
578 2995 674 3058 refert
696 2996 773 3058 duee
797 2996 946 3078 Tyrreno,
973 2997 1027 3077 qui
1049 2995 1144 3080 fratri
1166 3013 1222 3058 suo
1243 2993 1247 3079 Ι
1267 2998 1410 3080 cesserat,
1427 3003 1505 3059 foav

218 3117 243 3157 2⁵
268 3099 357 3181 regni
379 3099 585 3163 contentione.
627 3100 722 3184 igitur
745 3100 777 3162 in
799 3100 927 3164 Etruria
949 3100 1030 3163 inter
1053 3103 1172 3164 ceteros
1193 3099 1278 3183 ,ritus
1301 3118 1413 3182 super·

270 3203 435 3287 s,titionum
462 3220 590 3267 suarum
618 3205 797 3287 spectacula
824 3222 945 3286 quoque
971 3204 1131 3288 religionis
1162 3204 1288 3268 nomine
1313 3203 1411 3288 ,iusti-

270 3310 372 3370 tuuut.
417 3307 494 3391 iude
521 3307 654 3372 Romani
681 3309 845 3372 arcessitos
877 3308 1011 3372 artifices
1041 3311 1235 3388 mutuantur,
1269 3311 1409 3391 tompus,

270 3411 529 3495 enuntiationem,
556 3415 592 3475 ut
620 3411 698 3476 ludii
728 3431 746 3476 a
772 3412 866 3494 Lydis
897 3417 1092 3477 uocarentur.
1138 3412 1193 3475 sed
1223 3412 1281 3476 otsi
1311 3413 1410 3476 Varro

224 3637 227 3642 ,
314 3582 470 3650 largutari
493 3584 563 3637 Iun:
590 3585 771 3651 argumentari
793 3586 848 3639 AB
910 3587 984 3639 bac
1010 3585 1038 3638 B
1095 3600 1191 3652 pompe
1214 3585 1241 3638 A
1307 3586 1411 3654 lpoot

270 3669 379 3739 spiritus
403 3676 427 3724 et
447 3675 512 3738 poet
530 3670 592 3737 quia
610 3672 723 3726 teucrus
741 3673 864 3740 eipnouit
883 3673 918 3725 E.
931 3672 1137 3726 Klaoomoonua
1196 3675 1228 3726 10
1254 3671 1360 3740 specula
1381 3673 1410 3726 A

271 3759 303 3812 12
324 3755 502 3809 idololatriam
524 3758 551 3810 B
572 3758 612 3812 sio
632 3775 734 3826 semper
801 3760 834 3813 13
855 3757 1023 3811 incunabulis
1044 3759 1084 3826 B,
1111 3756 1143 3810 ab
1164 3757 1333 3811 incunabulis
1354 3760 1411 3813 Iun

271 3845 303 3899 14
322 3842 489 3911 quorundam
509 3844 557 3898 del.
575 3844 742 3918 vodolardus
791 3847 824 3900 16
842 3848 901 3899 turn
920 3864 969 3901 our.
984 3847 1010 3899 A
1065 3848 1097 3901 17
1115 3844 1144 3897 id
1161 3846 1322 3913 mosaicae
1339 3840 1415 3899 iaA¹

269 3931 379 3985 uidetur
448 3930 584 3997 nequead
607 3929 777 3985 idololatrian
799 3935 896 3988 ooaA
962 3937 994 3989 18
1008 3932 1099 3999 'demq;
1112 3933 1139 3986 A
1188 3939 1253 4002 post
1265 3931 1410 4001 pertinebit

270 4019 370 4073 lacerto
386 4018 417 4072 dn
428 4018 470 4071 A:
488 4035 569 4086 quom
586 4019 705 4087 expleuit
723 4037 756 4072 ro.
769 4037 789 4074 a.
804 4019 883 4074 XVI
897 4021 976 4076 titulo
994 4019 1094 4072 VNDE
1107 4018 1194 4072 LVDI
1206 4020 1278 4073 Dicti
1328 4021 1358 4074 19
1370 4019 1408 4088 et]

270 4120 299 4156 er
313 4104 559 4159 EKlosomoouoe
595 4106 629 4159 20
642 4105 706 4157 artis
719 4106 753 4172 A,
768 4121 821 4158 nou
834 4105 914 4159 altius
927 4107 990 4173 Ion,
1004 4105 1070 4159 actis
1083 4106 1146 4175 Rip,
1160 4107 1194 4161 E.
1205 4107 1410 4161 Ktusaooaoaao

270 4192 303 4246 23
320 4190 437 4244 ludosA
491 4192 525 4246 24
542 4193 647 4259 tymeus
660 4192 687 4245 A
735 4191 872 4260 Tyrrheno
889 4193 917 4246 B
970 4209 1017 4245 suo
1036 4194 1151 4245 cesserat
1168 4211 1201 4247 cc
1218 4194 1327 4248 Isidoro
1346 4192 1411 4246 oei.-

272 4293 318 4330 suo
337 4280 497 4331 successerat
514 4279 549 4342 B,
570 4319 676 4333 ......
691 4281 805 4332 cesserat
823 4280 849 4332 A
907 4282 942 4334 26
960 4279 1065 4348 specula
1084 4280 1111 4333 A
1171 4282 1203 4334 27
1222 4278 1362 4332 accersitos
1381 4279 1409 4332 B

272 4367 304 4420 28
322 4363 390 4417 ludii
408 4381 423 4416 a
441 4363 523 4432 Lydis
540 4365 651 4434 scripsi:
669 4364 726 4418 ludi
745 4382 759 4418 a
777 4365 860 4435 Lydis
877 4367 913 4434 B,
931 4365 1030 4434 lulydis
1048 4367 1075 4420 A
