3200 5034
245 424 305 489 150
475 423 592 490 Quinti
610 422 747 491 Septimi
765 420 935 475 Florentia
955 419 1157 489 Tertulliani

241 599 306 683 qui
330 598 467 663 fecerit
490 597 668 681 sculptile
692 600 755 661 aut
777 596 892 660 fusile
916 598 1265 679 aspernamentum,
1296 611 1389 678 opus

243 703 419 768 manuum
442 702 622 783 artificis,
647 704 682 766 et
704 700 951 766 collocauerit
973 700 1069 763 illud
1090 701 1127 762 in
1156 698 1388 763 abscondito.

243 808 276 872 in
298 808 438 872 Leuitico
462 824 550 870 uero:
582 826 626 870 ne
650 806 865 887 sequimini,
894 804 1008 886 inquit,
1039 804 1139 868 idola
1167 806 1202 867 et
1225 802 1311 867 deos
1335 803 1390 866 fu·

244 913 334 976 siles
365 930 436 975 non
467 910 623 975 facietis
652 909 769 975 uobis.
817 927 882 992 ego
913 909 1085 972 dominus
1113 909 1223 992 ,deus
1248 910 1389 971 uester.

204 1043 217 1081 r
244 1019 275 1081 et
305 1014 394 1079 alibi:
425 1016 501 1079 filii
530 1014 651 1078 Israel
681 1014 815 1078 famuli
843 1012 950 1097 pueri
982 1013 1063 1076 mei.
1108 1012 1145 1076 hi
1178 1015 1265 1075 sunt
1297 1029 1389 1093 quos

244 1119 353 1183 eduxi
383 1120 425 1183 de
456 1122 557 1183 terra
585 1117 774 1203 Aeg,yp,ti.
822 1135 888 1200 ego
918 1116 1089 1181 dominus
1126 1116 1216 1179 deus
1251 1118 1389 1179 uester.

244 1242 315 1288 non
345 1223 496 1287 facietis
527 1221 634 1287 uobis
664 1240 773 1286 manu
803 1223 999 1286 16616666
1027 1220 1209 1304 sculptile
1233 1218 1391 1283 staticu-

243 1329 338 1413 lum,
361 1327 539 1391 statuetis
562 1326 678 1390 uobis.
725 1344 791 1389 nec
813 1324 977 1408 lapidem
1000 1342 1152 1407 scopum
1178 1324 1328 1407 ponetis
1351 1324 1390 1387 in

244 1435 346 1497 terra
367 1434 503 1494 uestra.
551 1448 617 1513 ego
647 1430 818 1494 dominus
849 1429 938 1493 deus
965 1432 1109 1513 uest,er.
1157 1428 1390 1513 6111666661-

194 1566 218 1605 10
244 1536 316 1599 dem
338 1534 441 1617 prima
463 1553 518 1616 per
541 1534 674 1617 Moysen
696 1533 779 1597 dicta
795 1537 870 1598 sunt
885 1533 925 1597 ed
940 1550 1050 1596 omnes
1066 1532 1174 1614 utique
1189 1531 1389 1615 pertinentia,

242 1657 475 1724 ,quoscumque
499 1636 643 1702 dominus
664 1639 739 1702 deus
758 1637 886 1701 Israelis
907 1638 1034 1720 perinde
1054 1637 1092 1700 de
1112 1637 1257 1720 Aegypto
1280 1655 1389 1719 super-

244 1744 448 1808 stitiosissimi
481 1742 597 1807 saeculi
625 1746 656 1807 et
676 1743 724 1827 ,de
748 1742 840 1806 domo
862 1742 1029 1827 humanae
1052 1741 1214 1805 seruitutis
1238 1741 1387 1804 eduxerit.

245 1849 299 1912 sed
330 1852 361 1911 et
389 1847 534 1930 deinceps
558 1866 650 1911 omne
673 1866 708 1911 os
734 1848 967 1931 prophetarum
996 1846 1146 1930 eiusdem,
1176 1844 1226 1909 dei
1258 1844 1388 1910 uocibus

245 1956 335 2017 sonet
358 1953 489 2016 eandem
519 1953 623 2036 legem
654 1970 744 2015 suam
767 1952 938 2015 eorundem
960 1953 1198 2033 praeceptorum
1221 1950 1389 2034 instaura·

194 2085 219 2125 15
245 2058 338 2141 tione,
365 2056 555 2120 cumulantis
583 2074 641 2120 nec
669 2056 753 2119 aliud
775 2056 915 2139 primum
941 2058 1009 2119 tam
1030 2053 1244 2137 principaliter
1267 2054 1390 2118 denun-

245 2160 364 2241 tiantis,
387 2177 493 2244 ,quam
516 2160 555 2224 ab
579 2160 673 2244 ommi
691 2160 815 2223 factura
834 2162 927 2242 atque
947 2160 1069 2223 cultura
1088 2159 1241 2222 idolcmm
1262 2176 1388 2232 canere;

244 2268 281 2329 ut
295 2284 351 2348 per
366 2264 485 2327 Dauid:
511 2264 570 2349 di,i
592 2264 787 2327 nationum
808 2265 1015 2347 argentum
1035 2265 1071 2326 61
1092 2281 1236 2343 aurum,
1260 2263 1389 2327 oculos

245 2367 386 2433 habent
409 2386 476 2431 nec
499 2368 643 2447 uident,
674 2386 782 2431 aures
805 2368 948 2432 habent
970 2385 1045 2451 ne,c
1073 2366 1249 2451 audiunt„
1280 2384 1390 2431 nares

245 2472 387 2536 habent
417 2490 483 2535 neo
512 2472 732 2552 odorantur,
763 2489 801 2535 os
834 2490 900 2535 nec
929 2472 1122 2552 locuntur,
1157 2489 1288 2536 manus
1323 2490 1390 2535 nec

193 2605 219 2643 66
246 2579 507 2660 oontqectant,
537 2576 659 2660 pe,des
686 2594 751 2639 nec
781 2576 1056 2659 ingrediuntur.
1104 2576 1251 2641 similes
1281 2579 1391 2640 erunt

245 2681 338 2760 illis,
363 2680 423 2761 qui
447 2698 488 2743 ea
509 2680 656 2744 faciunt
679 2683 715 2743 et
738 2680 801 2761 qui
824 2680 957 2765 fidunt
979 2680 1017 2743 in
1039 2680 1138 2765 illis,

289 2784 318 2848 3.
342 2784 408 2848 Nec
427 2789 536 2866 putem
556 2784 805 2867 disceptandum,
829 2802 869 2848 an
890 2784 983 2867 digne
1000 2784 1076 2849 deus
1092 2785 1257 2868 prohibeat
1274 2802 1390 2849 nomen

247 2893 278 2955 et
299 2889 450 2953 honorem
473 2906 566 2952 suum
590 2889 753 2952 mendacio
777 2889 888 2968 addici,
919 2906 959 2951 an
989 2889 1081 2971 digne
1112 2907 1190 2971 quos
1219 2888 1258 2953 ab
1287 2906 1391 2953 errore

247 2992 476 3076 superstitionis
509 2992 661 3056 auulserit
689 3011 798 3056 rursus
825 2993 857 3055 in
880 2991 1062 3075 Aegyptum
1085 2993 1207 3076 regredi
1230 2993 1318 3074 nolit,
1349 3012 1391 3057 an

193 3124 218 3164 2⁵
246 3097 339 3179 digne
363 3114 381 3159 a
404 3115 437 3159 se
461 3113 524 3160 non
546 3096 683 3179 patiatur
705 3096 859 3161 absistere
883 3114 960 3179 quos
985 3097 1043 3160 sibi
1070 3097 1195 3179 adlegit.
1224 3094 1229 3181 l
1255 3098 1301 3185 ita
1329 3116 1387 3162 nec
1407 3104 1487 3161 f.55v

246 3201 324 3264 illud
346 3200 557 3281 expectabitur
578 3200 741 3264 retractari
756 3218 775 3262 6
789 3198 890 3280 nobis,
915 3218 954 3263 an
970 3199 1131 3264 obseruari
1146 3201 1281 3265 noluerit
1296 3201 1390 3265 disci-

247 3304 366 3388 plinam
394 3321 489 3385 quem
516 3304 616 3367 uoluit
643 3303 807 3367 instituere
836 3307 867 3368 et
894 3321 935 3369 an
955 3304 1069 3367 merito
1092 3304 1262 3368 ulciscatur
1285 3305 1389 3370 deser-

248 3412 314 3471 tam
346 3425 440 3488 quam
470 3407 568 3471 uoluit
597 3408 806 3488 obseruatum,
836 3409 960 3489 quando
989 3409 1107 3473 frustra
1133 3409 1331 3489 instituisset,
1363 3410 1390 3474 si

248 3511 407 3576 obseruari
430 3530 500 3575 eam
522 3512 683 3593 noluisset,
707 3515 740 3576 61
761 3512 879 3576 frustra
901 3512 1061 3577 obseruari
1084 3513 1245 3594 uoluisset,
1269 3515 1296 3577 si
1318 3513 1390 3578 uin-

351 3725 379 3794 3]
398 3725 461 3779 Len.
473 3728 513 3791 19,
523 3727 547 3780 4.
585 3727 613 3796 5]
632 3726 696 3781 Leu.
707 3729 749 3791 25,
760 3730 800 3783 55.
812 3730 854 3793 26,
866 3730 888 3782 l.
927 3728 971 3797 17]
991 3728 1034 3782 Ρ6.
1048 3730 1105 3792 135,
1117 3731 1150 3784 15
1162 3744 1218 3797 sqq.
1234 3731 1320 3793 115,4
1332 3745 1389 3799 sqq.

293 3922 445 3991 lscalptile
462 3924 518 3994 Rip
571 3924 699 3993 3inquid
712 3926 738 3979 A
791 3942 824 3979 ne
836 3927 872 3994 A,
891 3942 944 3979 non
961 3927 988 3982 B
1041 3930 1124 3981 7666
1142 3928 1298 3981 staticulum
1317 3930 1389 3984 Pam

248 4012 341 4066 911666
353 4027 403 4065 om.
417 4011 445 4064 A
499 4013 531 4067 10
543 4011 631 4079 prima
642 4012 707 4065 haec
720 4013 746 4065 A
800 4013 885 4082 dicta]
899 4013 940 4065 dei
953 4014 1104 4085 sciteBmp
1156 4015 1190 4067 ad
1203 4030 1295 4069 omnes
1308 4017 1389 4087 Bmp,

249 4097 394 4151 adomino
416 4098 472 4153 AB
535 4101 566 4154 11
585 4098 707 4152 israhelis
730 4100 757 4166 (a
777 4099 857 4167 6611)
876 4102 911 4168 A,
934 4100 1012 4153 israel
1031 4102 1058 4155 B
1121 4104 1153 4157 15
1172 4102 1240 4155 aliut
1257 4104 1285 4157 A
1344 4102 1389 4156 de-

250 4184 401 4237 nunciantis
424 4185 452 4238 A
523 4188 554 4241 18
577 4200 625 4238 neo
648 4185 741 4239 uident
763 4189 798 4254 A,
822 4189 849 4239 et
871 4202 925 4240 non
947 4187 1041 4240 uident
1064 4189 1091 4241 B
1161 4190 1193 4243 21
1218 4190 1390 4246 6661611161

249 4272 282 4325 23
304 4270 439 4324 mendatio
458 4272 485 4326 A
557 4274 590 4327 25
608 4271 711 4339 patitur
729 4274 756 4327 A
827 4290 893 4341 quos
911 4276 946 4342 A,
966 4273 1037 4341 quod
1054 4276 1082 4328 B
1152 4277 1185 4329 26
1208 4275 1390 4343 expectabitur

253 4359 317 4414 Urs:
334 4356 482 4424 expectabit
500 4358 556 4412 AB
610 4359 710 4412 seruari
728 4360 755 4413 A
809 4360 1324 4427 27,6166-28616616616111661.Α
