3200 5034
312 445 377 510 372
547 444 661 511 Quinti
679 447 818 517 Septimi
836 447 1003 502 Florentis
1020 449 1223 504 Tertulliani

312 639 459 686 somnum
483 622 628 689 omnibus
652 625 847 690 naturalibus
870 626 1129 710 principaliorem.
1175 626 1248 691 inde
1272 626 1449 690 deducimur

311 726 406 791 etiam
435 727 608 812 imaginem
638 730 748 794 mortis
777 730 841 795 iam
872 734 948 796 tuno
978 750 1051 796 eum
1081 750 1252 796 recensere.
1314 733 1341 796 si
1370 731 1449 794 enim

309 830 414 897 Adam
448 833 486 898 de
517 831 642 899 (11111111
675 833 809 920 figuram
844 836 952 918 dabat,
989 855 1118 902 somnus
1149 835 1239 901 Adae
1274 855 1357 901 mors
1389 839 1452 900 erat

309 938 428 1005 Christi
450 939 614 1008 dormituri
636 940 668 1004 in
692 944 836 1023 mortem,
860 945 896 1005 ut
918 942 956 1005 de
977 941 1093 1006 iniuria
1114 941 1242 1025 perinde
1264 942 1371 1006 lateris
1388 941 1450 1004 eius

269 1071 283 1112 1
309 1062 385 1109 uera
406 1046 507 1109 mater
529 1045 704 1109 uiuentium
727 1044 914 1130 figuraretur
937 1047 1077 1111 eeclesia.
1110 1047 1179 1111 ideo
1196 1050 1227 1111 et
1242 1064 1372 1111 somnus
1388 1049 1451 1110 tam

309 1150 467 1232 salutarie,
498 1153 564 1214 tam
596 1149 758 1214 rationalis
789 1150 885 1216 etiam
915 1151 948 1215 in
970 1151 1114 1233 publioae
1138 1155 1170 1216 et
1193 1151 1368 1216 eommunis
1391 1151 1451 1214 iam

309 1256 420 1321 mortis
452 1253 612 1338 effingitur
643 1255 810 1338 exemplar.
856 1256 956 1320 uoluit
986 1256 1071 1320 enim
1101 1256 1177 1320 deus
1209 1260 1241 1321 et
1270 1257 1347 1322 alias
1376 1256 1451 1319 nihil

308 1361 376 1425 sine
400 1359 628 1442 exemplaribus
651 1360 685 1424 111
707 1378 765 1424 sua
787 1360 987 1442 dispositione
1008 1361 1135 1425 molitus
1150 1361 1366 1445 paradigmate
1382 1361 1450 1424 Pla-

308 1466 410 1531 tonieo
435 1465 558 1547 plenius
580 1464 711 1529 humani
733 1466 785 1530 uel
808 1465 942 1530 manime
964 1466 1046 1530 initii
1069 1465 1197 1530 1111111
1220 1467 1319 1530 lineas
1343 1465 1450 1529 cotidie

256 1600 282 1636 11
309 1588 400 1653 agere
424 1569 598 1651 nobiseum,
621 1587 754 1634 manum
776 1570 939 1653 porrigens
962 1569 1033 1635 fidei
1048 1571 1171 1635 faeilius
1189 1570 1384 1636 adiuuandae
1398 1589 1451 1654 per

307 1674 462 1758 imagines
485 1677 517 1738 et
538 1674 704 1757 parabolas
727 1675 811 1739 siout
833 1693 1014 1740 sermonum
1037 1675 1082 1740 ita
1104 1679 1136 1740 11
1158 1695 1272 1740 rerum.
1308 1675 1451 1759 proponit

307 1779 402 1863 igitur
432 1778 489 1843 tibi
512 1796 624 1862 eorpus
647 1779 749 1844 amiea
771 1779 804 1842 ui
826 1780 945 1862 soporis
970 1780 1094 1861 elisum,
1123 1780 1240 1845 blanda
1263 1781 1376 1862 quietis
1398 1799 1450 1842 ne-

308 1884 453 1948 cessitate
482 1887 684 1966 prostratum,
714 1884 876 1949 immobile
907 1885 978 1966 situ,
1010 1887 1100 1968 quale
1128 1889 1201 1950 ante
1224 1885 1325 1950 uitam
1348 1885 1451 1964 iacuit,

308 1992 340 2053 et
362 1990 454 2071 quale
476 1992 548 2071 post
570 1989 671 2053 uitam
692 1988 817 2070 iacebit,
840 1991 876 2052 ut
898 1990 1100 2055 testationem
1122 1991 1273 2073 plasticae
1297 1990 1453 2072 11111111-

139 2099 141 2103 '
255 2122 281 2160 11
308 2097 407 2175 turae,
431 2096 598 2175 expectans
622 2095 760 2158 animam
784 2093 874 2176 quasi
897 2094 1037 2158 noudum
1059 2096 1217 2159 eonlatam
1237 2097 1268 2158 11
1284 2094 1374 2176 quasi
1389 2095 1452 2157 iam

307 2202 456 2283 ereptam.
504 2199 559 2262 sed
582 2201 612 2263 et
634 2198 690 2263 illa
711 2199 756 2263 sie
777 2199 905 2283 patitur,
937 2202 972 2263 ut
994 2199 1068 2263 alibi
1092 2217 1184 2282 agere
1207 2199 1363 2279 uideatur,
1391 2198 1453 2261 dis-

306 2303 503 2368 simulatione
533 2303 729 2387 praesentiae
758 2303 900 2368 futuram
926 2304 1101 2368 absentiam
1124 2303 1275 2368 ediscens.
1311 2304 1349 2367 de
1372 2303 1453 2366 Her-

306 2409 437 2473 motimo
453 2409 599 2472 soiemus.
635 2411 789 2472 ettamen
804 2408 932 2473 interim
950 2409 1099 2473 somniat:
1121 2409 1203 2472 unde
1219 2412 1295 2473 tuno
1310 2409 1453 2473 somnia?

307 2533 363 2578 neo
386 2513 519 2596 quiesoit
541 2531 599 2577 nee
622 2513 796 2596 ignaueseit
820 2513 946 2578 omnino
968 2531 1026 2578 neo
1046 2517 1193 2579 naturam
1206 2513 1451 2578 immortalitatis

254 2646 281 2684 eo
307 2637 433 2683 seruam
457 2617 560 2701 sopori
583 2617 706 2682 addicit.
744 2618 857 2701 probat
880 2637 913 2682 se
937 2617 1084 2682 mobilem
1109 2637 1245 2700 semper:
1269 2621 1354 2682 terra
1374 2618 1453 2681 mari

305 2724 522 2807 peregrinatur
545 2723 723 2805 negotiatur
745 2723 883 2805 agitatur
905 2723 1027 2788 laborat
1048 2723 1129 2787 ludit
1150 2723 1235 2787 dolet
1258 2723 1385 2807 gaudet,
1415 2722 1452 2785 li-

305 2829 368 2892 1111
390 2831 483 2909 atque
506 2827 626 2891 inlieita
649 2827 856 2909 persequitur,
880 2827 1017 2892 ostendit
1032 2827 1114 2909 quod
1130 2827 1196 2891 sine
1212 2845 1339 2910 corpore
1356 2827 1451 2890 etiam

304 2933 476 3017 plurimum
498 2932 608 3014 possit,
632 2931 714 3012 quod
737 2934 769 2995 et
792 2932 858 2996 suis
882 2932 1037 2996 instrueta
1057 2933 1099 2996 sit
1113 2931 1275 3012 membris
1300 2931 1355 2995 sed
1371 2931 1452 2994 nihi-

303 3037 441 3101 lominus
464 3036 687 3100 nenessitatem
710 3035 829 3100 habeat
851 3055 959 3100 rursus
983 3037 1119 3119 eorporis
1136 3036 1286 3120 agitandi.
1320 3036 1364 3099 ita
1380 3053 1450 3098 eum

251 3167 277 3207 11
304 3141 500 3224 onigilauerit
530 3159 652 3222 eorpus,
682 3140 841 3206 redditum
864 3139 973 3205 offieiis
997 3142 1062 3205 eius
1085 3143 1346 3206 resurrectionem
1369 3159 1451 3204 mor-

304 3250 431 3310 tuorum
450 3245 454 3327 ]
474 3243 531 3309 tibi
562 3243 709 3310 affirmat.
753 3245 831 3310 haee
862 3246 921 3309 erit
951 3246 1052 3310 somni
1082 3248 1113 3309 et
1141 3246 1219 3310 ratio
1242 3246 1393 3310 naturalis
1417 3247 1524 3308 111111

304 3353 416 3414 natura
446 3349 616 3413 rationalis.
663 3350 758 3414 etiam
784 3369 841 3432 per
863 3350 1034 3434 imaginem
1057 3350 1166 3415 mortis
1189 3349 1286 3414 fidem
1307 3350 1449 3430 initiaris,

304 3473 393 3537 spem
423 3453 595 3534 meditaris,
630 3454 724 3518 diseis
755 3454 836 3518 mori
867 3457 898 3518 et
927 3455 1045 3536 uiuere,
1076 3454 1170 3519 diseis
1201 3455 1342 3538 uigilare,
1373 3455 1449 3518 dum

304 3559 431 3623 dormis.

408 3687 437 3757 3]
456 3686 490 3740 11.
511 3690 524 3742 1
539 3685 597 3742 Cor.
613 3688 653 3751 15,
665 3688 708 3742 45.
748 3687 777 3757 4]
797 3686 830 3741 ei.
850 3686 907 3742 Ioh.
923 3689 963 3753 19,
977 3688 1031 3742 34.·
1059 3687 1087 3756 8]
1108 3686 1142 3742 11
1154 3687 1225 3742 Ρ111.
1237 3687 1336 3742 Phaed.
1349 3704 1374 3757 p.
1389 3690 1449 3743 103.

347 3802 364 3855 2
384 3815 489 3854 censere
507 3801 571 3869 fort.
634 3802 651 3855 3
668 3799 783 3868 figuram
803 3798 886 3853 dabat
902 3800 967 3869 AB,
985 3798 1120 3868 figurabat
1138 3801 1220 3871 Bmp,
1234 3800 1286 3856 de
1343 3803 1359 3855 6
1377 3800 1449 3854 salu-

303 3889 375 3941 tares
392 3888 421 3963 A
439 3905 506 3944 corr.
577 3886 732 3955 9quotidie
749 3888 776 3941 A
849 3889 881 3942 13
898 3889 1079 3956 prostratrum
1096 3882 1133 3943 A'
1196 3887 1448 3957 rescripturum

306 3977 338 4030 15
361 3976 484 4043 spectans
506 3975 534 4029 A
609 3973 646 4042 et]
670 3977 718 4028 aut
738 3976 883 4030 Humiles
955 3977 988 4030 16
1011 3977 1128 4044 ereptam
1151 3975 1259 4045 ABoep,
1282 3977 1396 4028 erectam
1417 3976 1450 4028 B

306 4064 338 4117 17
357 4060 492 4116 absentiae
510 4063 538 4117 A
600 4061 686 4115 odisee
704 4063 732 4117 A
788 4061 821 4115 de
838 4061 1006 4116 Hermotimo
1025 4062 1138 4116 seiemus
1158 4063 1207 4118 del.
1223 4063 1273 4118 Get
1326 4065 1357 4118 18
1374 4061 1449 4114 unde

304 4151 369 4202 tune
387 4149 492 4202 somnia
510 4149 560 4203 dez.
581 4149 631 4204 Get
699 4151 764 4203 tuno
782 4150 819 4215 A,
837 4151 901 4203 sunt
918 4150 945 4203 B
1016 4151 1050 4206 20
1068 4166 1173 4203 seruam
1192 4151 1280 4219 sopori
1301 4151 1366 4206 Urs:
1383 4150 1448 4202 serii

303 4236 377 4303 (seru
394 4237 434 4304 A)
451 4235 553 4305 soporis
570 4237 634 4305 AB,
652 4251 757 4289 seruam
776 4237 877 4305 soporis
898 4237 955 4305 Ger,
974 4235 1048 4290 feriis
1067 4237 1167 4307 soporis
1185 4237 1319 4306 Oebleras,
1337 4236 1447 4290 seruitio

304 4323 405 4391 soporis
423 4324 567 4378 Hortoties
618 4325 650 4378 21
670 4323 875 4393 peregrinantur
887 4324 914 4377 A
926 4341 994 4380 corr.
1049 4324 1200 4392 negotiatur
1218 4325 1336 4392 agitatur
1353 4342 1404 4379 om.
1417 4326 1446 4378 A

304 4412 339 4462 26
357 4411 386 4462 at
402 4409 468 4463 11111
485 4411 513 4464 A
