<?xml version="1.0" encoding="UTF-8"?>
<!DOCTYPE html PUBLIC "-//W3C//DTD XHTML 1.0 Transitional//EN"
    "http://www.w3.org/TR/xhtml1/DTD/xhtml1-transitional.dtd">
<html xmlns="http://www.w3.org/1999/xhtml" xml:lang="en" lang="en">
 <head>
  <title>
</title>
<meta http-equiv="Content-Type" content="text/html;charset=utf-8" />
  <meta name='ocr-system' content='tesseract 3.04.00' />
  <meta name='ocr-capabilities' content='ocr_page ocr_carea ocr_par ocr_line ocrx_word'/>
</head>
<body>
  <div class='ocr_page' id='page_1' title='image "./corpusscriptoru24wissgoog_0013.png"; bbox 0 0 3200 5034; ppageno 0'>
   <div class='ocr_carea' id='block_1_1' title="bbox 247 407 909 463">
    <p class='ocr_par' dir='ltr' id='par_1_1' title="bbox 247 407 909 463">
     <span class='ocr_line' id='line_1_1' title="bbox 247 407 909 463; baseline 0.006 -4"><span class='ocrx_word' id='word_1_1' title='bbox 247 407 272 459; x_wconf 92' lang='lat' dir='ltr'>X</span> <span class='ocrx_word' id='word_1_2' title='bbox 733 408 909 463; x_wconf 86' lang='lat' dir='ltr'><strong>Praefatio.</strong></span> 
     </span>
    </p>
   </div>
   <div class='ocr_carea' id='block_1_2' title="bbox 141 567 1456 4208">
    <p class='ocr_par' dir='ltr' id='par_1_2' title="bbox 141 567 1456 4208">
     <span class='ocr_line' id='line_1_2' title="bbox 247 567 1389 666; baseline 0.004 -21"><span class='ocrx_word' id='word_1_3' title='bbox 247 583 381 646; x_wconf 89' lang='lat' dir='ltr'><strong>alterum</strong></span> <span class='ocrx_word' id='word_1_4' title='bbox 410 567 571 666; x_wconf 84' lang='lat' dir='ltr'><strong>praeterea</strong></span> <span class='ocrx_word' id='word_1_5' title='bbox 600 582 715 647; x_wconf 90' lang='lat' dir='ltr'><strong>librum</strong></span> <span class='ocrx_word' id='word_1_6' title='bbox 746 585 778 647; x_wconf 90' lang='lat' dir='ltr'><strong>in</strong></span> <span class='ocrx_word' id='word_1_7' title='bbox 806 603 900 648; x_wconf 91' lang='lat' dir='ltr'><strong>usum</strong></span> <span class='ocrx_word' id='word_1_8' title='bbox 922 603 1061 666; x_wconf 89' lang='lat' dir='ltr'><strong>uocasse,</strong></span> <span class='ocrx_word' id='word_1_9' title='bbox 1092 605 1165 649; x_wconf 91' lang='lat' dir='ltr'><strong>cum</strong></span> <span class='ocrx_word' id='word_1_10' title='bbox 1194 604 1256 651; x_wconf 89' lang='lat' dir='ltr'><strong>non</strong></span> <span class='ocrx_word' id='word_1_11' title='bbox 1287 586 1389 650; x_wconf 91' lang='lat' dir='ltr'><strong>solum</strong></span> 
     </span>
     <span class='ocr_line' id='line_1_3' title="bbox 245 684 1456 771; baseline 0.001 -21"><span class='ocrx_word' id='word_1_12' title='bbox 245 686 397 751; x_wconf 90' lang='lat' dir='ltr'><strong>librorum</strong></span> <span class='ocrx_word' id='word_1_13' title='bbox 421 685 458 749; x_wconf 85' lang='lat' dir='ltr'><strong>de</strong></span> <span class='ocrx_word' id='word_1_14' title='bbox 481 684 678 749; x_wconf 75' lang='lat' dir='ltr'><strong>idololotria</strong></span> <span class='ocrx_word' id='word_1_15' title='bbox 701 690 731 751; x_wconf 91' lang='lat' dir='ltr'><strong>et</strong></span> <span class='ocrx_word' id='word_1_16' title='bbox 755 686 792 750; x_wconf 83' lang='lat' dir='ltr'><strong>de</strong></span> <span class='ocrx_word' id='word_1_17' title='bbox 816 687 927 750; x_wconf 84' lang='lat' dir='ltr'><strong>animo</strong></span> <span class='ocrx_word' id='word_1_18' title='bbox 950 690 1090 770; x_wconf 90' lang='lat' dir='ltr'><strong>lacunae,</strong></span> <span class='ocrx_word' id='word_1_19' title='bbox 1114 708 1193 771; x_wconf 91' lang='lat' dir='ltr'><strong>quas</strong></span> <span class='ocrx_word' id='word_1_20' title='bbox 1218 691 1281 753; x_wconf 91' lang='lat' dir='ltr'><strong>iam</strong></span> <span class='ocrx_word' id='word_1_21' title='bbox 1304 691 1336 754; x_wconf 94' lang='lat' dir='ltr'><strong>in</strong></span> <span class='ocrx_word' id='word_1_22' title='bbox 1359 687 1389 751; x_wconf 91' lang='lat' dir='ltr'><em>A</em></span> <span class='ocrx_word' id='word_1_23' title='bbox 1453 757 1456 763; x_wconf 60' lang='grc'>,</span> 
     </span>
     <span class='ocr_line' id='line_1_4' title="bbox 246 791 1390 876; baseline 0.003 -22"><span class='ocrx_word' id='word_1_24' title='bbox 246 791 358 854; x_wconf 89' lang='lat' dir='ltr'><strong>codicis</strong></span> <span class='ocrx_word' id='word_1_25' title='bbox 390 791 557 875; x_wconf 82' lang='lat' dir='ltr'><strong>archetypo</strong></span> <span class='ocrx_word' id='word_1_26' title='bbox 587 792 685 856; x_wconf 83' lang='lat' dir='ltr'><strong>fuisse</strong></span> <span class='ocrx_word' id='word_1_27' title='bbox 716 792 862 872; x_wconf 92' lang='lat' dir='ltr'><strong>uidimus,</strong></span> <span class='ocrx_word' id='word_1_28' title='bbox 892 793 925 856; x_wconf 89' lang='lat' dir='ltr'><strong>in</strong></span> <span class='ocrx_word' id='word_1_29' title='bbox 955 791 986 854; x_wconf 87' lang='lat' dir='ltr'><em>B</em></span> <span class='ocrx_word' id='word_1_30' title='bbox 1016 795 1213 876; x_wconf 80' lang='lat' dir='ltr'>expleantur,</span> <span class='ocrx_word' id='word_1_31' title='bbox 1244 795 1298 857; x_wconf 91' lang='lat' dir='ltr'><strong>sed</strong></span> <span class='ocrx_word' id='word_1_32' title='bbox 1329 795 1390 858; x_wconf 90' lang='lat' dir='ltr'><strong>tria</strong></span> 
     </span>
     <span class='ocr_line' id='line_1_5' title="bbox 247 892 1389 982; baseline 0.001 -24"><span class='ocrx_word' id='word_1_33' title='bbox 247 895 363 977; x_wconf 86' lang='lat' dir='ltr'><strong>scripta</strong></span> <span class='ocrx_word' id='word_1_34' title='bbox 388 894 441 979; x_wconf 82' lang='lat' dir='ltr'><strong>(dc</strong></span> <span class='ocrx_word' id='word_1_35' title='bbox 465 892 634 979; x_wconf 83' lang='lat' dir='ltr'><strong>baptismo,</strong></span> <span class='ocrx_word' id='word_1_36' title='bbox 660 893 698 958; x_wconf 82' lang='lat' dir='ltr'><strong>dc</strong></span> <span class='ocrx_word' id='word_1_37' title='bbox 717 894 899 978; x_wconf 78' lang='lat' dir='ltr'><strong><em>pudicitia,</em></strong></span> <span class='ocrx_word' id='word_1_38' title='bbox 924 895 961 958; x_wconf 82' lang='lat' dir='ltr'><strong>de</strong></span> <span class='ocrx_word' id='word_1_39' title='bbox 984 896 1110 959; x_wconf 81' lang='lat' dir='ltr'><strong>ieiunio</strong></span> <span class='ocrx_word' id='word_1_40' title='bbox 1131 897 1295 960; x_wconf 81' lang='lat' dir='ltr'><strong>aduersae</strong></span> <span class='ocrx_word' id='word_1_41' title='bbox 1313 919 1389 982; x_wconf 77' lang='lat' dir='ltr'><strong>pay-</strong></span> 
     </span>
     <span class='ocr_line' id='line_1_6' title="bbox 246 998 1388 1083; baseline 0.004 -23"><span class='ocrx_word' id='word_1_42' title='bbox 246 998 377 1083; x_wconf 81' lang='lat' dir='ltr'><strong>cbicos),</strong></span> <span class='ocrx_word' id='word_1_43' title='bbox 409 1018 488 1081; x_wconf 91' lang='lat' dir='ltr'><strong>quae</strong></span> <span class='ocrx_word' id='word_1_44' title='bbox 519 1001 675 1082; x_wconf 84' lang='lat' dir='ltr'><strong>usquein</strong></span> <span class='ocrx_word' id='word_1_45' title='bbox 698 998 727 1061; x_wconf 89' lang='lat' dir='ltr'><em>A</em></span> <span class='ocrx_word' id='word_1_46' title='bbox 752 1018 904 1082; x_wconf 91' lang='lat' dir='ltr'><strong>umquam</strong></span> <span class='ocrx_word' id='word_1_47' title='bbox 927 1002 1025 1066; x_wconf 84' lang='lat' dir='ltr'><strong>fuisse</strong></span> <span class='ocrx_word' id='word_1_48' title='bbox 1048 1006 1169 1067; x_wconf 90' lang='lat' dir='ltr'><strong>constat</strong></span> <span class='ocrx_word' id='word_1_49' title='bbox 1197 1021 1299 1083; x_wconf 90' lang='lat' dir='ltr'><strong>neque</strong></span> <span class='ocrx_word' id='word_1_50' title='bbox 1325 1003 1388 1067; x_wconf 93' lang='lat' dir='ltr'><strong>ullo</strong></span> 
     </span>
     <span class='ocr_line' id='line_1_7' title="bbox 245 1103 1389 1188; baseline 0.003 -22"><span class='ocrx_word' id='word_1_51' title='bbox 245 1104 412 1167; x_wconf 89' lang='lat' dir='ltr'><strong>traduntur</strong></span> <span class='ocrx_word' id='word_1_52' title='bbox 441 1103 520 1167; x_wconf 90' lang='lat' dir='ltr'><strong>libro</strong></span> <span class='ocrx_word' id='word_1_53' title='bbox 552 1105 762 1187; x_wconf 88' lang='lat' dir='ltr'><strong>manuscripto</strong></span> <span class='ocrx_word' id='word_1_54' title='bbox 795 1123 879 1168; x_wconf 92' lang='lat' dir='ltr'><strong>nuuc</strong></span> <span class='ocrx_word' id='word_1_55' title='bbox 909 1106 1034 1187; x_wconf 92' lang='lat' dir='ltr'><strong>quidem</strong></span> <span class='ocrx_word' id='word_1_56' title='bbox 1066 1107 1241 1188; x_wconf 77' lang='lat' dir='ltr'>superstite,</span> <span class='ocrx_word' id='word_1_57' title='bbox 1271 1107 1304 1170; x_wconf 91' lang='lat' dir='ltr'><strong>iu</strong></span> <span class='ocrx_word' id='word_1_58' title='bbox 1331 1108 1389 1170; x_wconf 92' lang='lat' dir='ltr'><strong>hac</strong></span> 
     </span>
     <span class='ocr_line' id='line_1_8' title="bbox 247 1207 1388 1293; baseline 0.002 -21"><span class='ocrx_word' id='word_1_59' title='bbox 247 1207 380 1273; x_wconf 78' lang='lat' dir='ltr'>editione</span> <span class='ocrx_word' id='word_1_60' title='bbox 409 1213 620 1291; x_wconf 87' lang='lat' dir='ltr'><strong>compareant.</strong></span> <span class='ocrx_word' id='word_1_61' title='bbox 660 1208 715 1272; x_wconf 87' lang='lat' dir='ltr'><strong>sed</strong></span> <span class='ocrx_word' id='word_1_62' title='bbox 745 1210 846 1274; x_wconf 90' lang='lat' dir='ltr'><strong>multo</strong></span> <span class='ocrx_word' id='word_1_63' title='bbox 876 1209 970 1272; x_wconf 86' lang='lat' dir='ltr'><strong>latius</strong></span> <span class='ocrx_word' id='word_1_64' title='bbox 1000 1213 1110 1292; x_wconf 90' lang='lat' dir='ltr'><strong>patent</strong></span> <span class='ocrx_word' id='word_1_65' title='bbox 1140 1210 1234 1274; x_wconf 91' lang='lat' dir='ltr'><strong>huius</strong></span> <span class='ocrx_word' id='word_1_66' title='bbox 1258 1211 1388 1293; x_wconf 92' lang='lat' dir='ltr'><strong>duplicis</strong></span> 
     </span>
     <span class='ocr_line' id='line_1_9' title="bbox 246 1311 1389 1397; baseline 0.003 -22"><span class='ocrx_word' id='word_1_67' title='bbox 246 1312 421 1376; x_wconf 78' lang='lat' dir='ltr'><strong>traditionis</strong></span> <span class='ocrx_word' id='word_1_68' title='bbox 452 1313 483 1376; x_wconf 92' lang='grc' dir='ltr'><strong>ιιι</strong></span> <span class='ocrx_word' id='word_1_69' title='bbox 508 1313 642 1377; x_wconf 81' lang='lat' dir='ltr'><strong>editione</strong></span> <span class='ocrx_word' id='word_1_70' title='bbox 664 1311 869 1397; x_wconf 83' lang='lat' dir='ltr'><strong>Gangueiana</strong></span> <span class='ocrx_word' id='word_1_71' title='bbox 892 1314 1037 1396; x_wconf 88' lang='lat' dir='ltr'><strong>uestigia:</strong></span> <span class='ocrx_word' id='word_1_72' title='bbox 1070 1315 1188 1378; x_wconf 87' lang='lat' dir='ltr'><strong>etenim</strong></span> <span class='ocrx_word' id='word_1_73' title='bbox 1219 1333 1291 1378; x_wconf 92' lang='lat' dir='ltr'><strong>cum</strong></span> <span class='ocrx_word' id='word_1_74' title='bbox 1319 1334 1389 1397; x_wconf 93' lang='lat' dir='ltr'><strong>per-</strong></span> 
     </span>
     <span class='ocr_line' id='line_1_10' title="bbox 141 1415 1388 1502; baseline 0.003 -24"><span class='ocrx_word' id='word_1_75' title='bbox 141 1416 221 1502; x_wconf 77' lang='lat' dir='ltr'><strong>Boop</strong></span> <span class='ocrx_word' id='word_1_76' title='bbox 248 1415 354 1480; x_wconf 92' lang='lat' dir='ltr'><strong>multis</strong></span> <span class='ocrx_word' id='word_1_77' title='bbox 377 1416 454 1481; x_wconf 91' lang='lat' dir='ltr'><strong>locis</strong></span> <span class='ocrx_word' id='word_1_78' title='bbox 477 1417 508 1481; x_wconf 92' lang='lat' dir='ltr'><strong>in</strong></span> <span class='ocrx_word' id='word_1_79' title='bbox 532 1417 600 1500; x_wconf 89' lang='lat' dir='ltr'><strong>ipso</strong></span> <span class='ocrx_word' id='word_1_80' title='bbox 624 1420 726 1481; x_wconf 85' lang='lat' dir='ltr'><strong>textus</strong></span> <span class='ocrx_word' id='word_1_81' title='bbox 751 1419 892 1500; x_wconf 83' lang='lat' dir='ltr'><strong>margine</strong></span> <span class='ocrx_word' id='word_1_82' title='bbox 909 1416 1091 1500; x_wconf 82' lang='lat' dir='ltr'><strong>Gangneius</strong></span> <span class='ocrx_word' id='word_1_83' title='bbox 1115 1419 1218 1482; x_wconf 89' lang='lat' dir='ltr'><strong>uarias</strong></span> <span class='ocrx_word' id='word_1_84' title='bbox 1238 1419 1388 1483; x_wconf 91' lang='lat' dir='ltr'><strong>lectiones</strong></span> 
     </span>
     <span class='ocr_line' id='line_1_11' title="bbox 245 1519 1389 1606; baseline 0.003 -23"><span class='ocrx_word' id='word_1_85' title='bbox 245 1521 456 1604; x_wconf 88' lang='lat' dir='ltr'><strong>inprimendas</strong></span> <span class='ocrx_word' id='word_1_86' title='bbox 480 1521 645 1600; x_wconf 73' lang='lat' dir='ltr'><strong>enituerit,</strong></span> <span class='ocrx_word' id='word_1_87' title='bbox 670 1519 797 1585; x_wconf 89' lang='lat' dir='ltr'><strong>interB</strong></span> <span class='ocrx_word' id='word_1_88' title='bbox 820 1524 851 1584; x_wconf 89' lang='lat' dir='ltr'><strong>et</strong></span> <span class='ocrx_word' id='word_1_89' title='bbox 866 1519 948 1606; x_wconf 83' lang='lat' dir='ltr'><strong>Bmp</strong></span> <span class='ocrx_word' id='word_1_90' title='bbox 970 1523 1001 1585; x_wconf 91' lang='lat' dir='ltr'><strong>in</strong></span> <span class='ocrx_word' id='word_1_91' title='bbox 1025 1522 1209 1586; x_wconf 90' lang='lat' dir='ltr'><strong>uniuersum</strong></span> <span class='ocrx_word' id='word_1_92' title='bbox 1233 1541 1270 1586; x_wconf 92' lang='lat' dir='ltr'><strong>ea</strong></span> <span class='ocrx_word' id='word_1_93' title='bbox 1292 1523 1389 1586; x_wconf 89' lang='lat' dir='ltr'><strong>inter-</strong></span> 
     </span>
     <span class='ocr_line' id='line_1_12' title="bbox 245 1625 1388 1706; baseline 0.002 -18"><span class='ocrx_word' id='word_1_94' title='bbox 245 1625 326 1689; x_wconf 89' lang='lat' dir='ltr'><strong>cedit</strong></span> <span class='ocrx_word' id='word_1_95' title='bbox 355 1626 433 1689; x_wconf 91' lang='lat' dir='ltr'><strong>ratio</strong></span> <span class='ocrx_word' id='word_1_96' title='bbox 464 1661 506 1670; x_wconf 94' lang='lat'><em>-</em></span> <span class='ocrx_word' id='word_1_97' title='bbox 537 1643 730 1706; x_wconf 87' lang='lat' dir='ltr'><strong>quamquam</strong></span> <span class='ocrx_word' id='word_1_98' title='bbox 761 1629 835 1689; x_wconf 91' lang='lat' dir='ltr'><strong>sunt</strong></span> <span class='ocrx_word' id='word_1_99' title='bbox 865 1626 925 1689; x_wconf 91' lang='lat' dir='ltr'><strong>loci</strong></span> <span class='ocrx_word' id='word_1_100' title='bbox 955 1626 1009 1689; x_wconf 92' lang='lat' dir='ltr'><strong>ubi</strong></span> <span class='ocrx_word' id='word_1_101' title='bbox 1037 1628 1137 1691; x_wconf 90' lang='lat' dir='ltr'><strong>altera</strong></span> <span class='ocrx_word' id='word_1_102' title='bbox 1158 1627 1250 1692; x_wconf 89' lang='lat' dir='ltr'><strong>lectio</strong></span> <span class='ocrx_word' id='word_1_103' title='bbox 1273 1627 1388 1691; x_wconf 89' lang='lat' dir='ltr'><strong>codicis</strong></span> 
     </span>
     <span class='ocr_line' id='line_1_13' title="bbox 244 1727 1388 1813; baseline 0 -21"><span class='ocrx_word' id='word_1_104' title='bbox 244 1728 472 1809; x_wconf 88' lang='lat' dir='ltr'><strong>testimonium,</strong></span> <span class='ocrx_word' id='word_1_105' title='bbox 497 1729 595 1792; x_wconf 89' lang='lat' dir='ltr'><strong>altera</strong></span> <span class='ocrx_word' id='word_1_106' title='bbox 610 1727 754 1812; x_wconf 84' lang='lat' dir='ltr'><strong>Gangnei</strong></span> <span class='ocrx_word' id='word_1_107' title='bbox 770 1730 981 1794; x_wconf 90' lang='lat' dir='ltr'><strong>coniecturam</strong></span> <span class='ocrx_word' id='word_1_108' title='bbox 1001 1731 1121 1809; x_wconf 92' lang='lat' dir='ltr'><strong>reddat,</strong></span> <span class='ocrx_word' id='word_1_109' title='bbox 1145 1731 1178 1794; x_wconf 92' lang='lat' dir='ltr'><strong>id</strong></span> <span class='ocrx_word' id='word_1_110' title='bbox 1201 1732 1282 1813; x_wconf 92' lang='lat' dir='ltr'><strong>quod</strong></span> <span class='ocrx_word' id='word_1_111' title='bbox 1306 1734 1388 1794; x_wconf 90' lang='lat' dir='ltr'><strong>certe</strong></span> 
     </span>
     <span class='ocr_line' id='line_1_14' title="bbox 244 1832 1387 1914; baseline 0.003 -19"><span class='ocrx_word' id='word_1_112' title='bbox 244 1833 277 1895; x_wconf 93' lang='lat' dir='ltr'><strong>in</strong></span> <span class='ocrx_word' id='word_1_113' title='bbox 299 1833 336 1896; x_wconf 90' lang='lat' dir='ltr'><strong>iis</strong></span> <span class='ocrx_word' id='word_1_114' title='bbox 359 1832 448 1896; x_wconf 92' lang='lat' dir='ltr'><strong>libris</strong></span> <span class='ocrx_word' id='word_1_115' title='bbox 470 1832 685 1914; x_wconf 89' lang='lat' dir='ltr'><strong>librorumque</strong></span> <span class='ocrx_word' id='word_1_116' title='bbox 708 1833 850 1914; x_wconf 90' lang='lat' dir='ltr'><strong>partibus</strong></span> <span class='ocrx_word' id='word_1_117' title='bbox 875 1853 934 1898; x_wconf 92' lang='lat' dir='ltr'><strong>usu</strong></span> <span class='ocrx_word' id='word_1_118' title='bbox 957 1835 1055 1914; x_wconf 89' lang='lat' dir='ltr'><strong>uenit,</strong></span> <span class='ocrx_word' id='word_1_119' title='bbox 1080 1833 1134 1897; x_wconf 91' lang='lat' dir='ltr'><strong>ubi</strong></span> <span class='ocrx_word' id='word_1_120' title='bbox 1156 1832 1186 1896; x_wconf 92' lang='lat' dir='ltr'><em>A</em></span> <span class='ocrx_word' id='word_1_121' title='bbox 1210 1834 1314 1899; x_wconf 91' lang='lat' dir='ltr'><strong>deficit</strong></span> <span class='ocrx_word' id='word_1_122' title='bbox 1337 1872 1387 1914; x_wconf 91' lang='lat'><strong>—,</strong></span> 
     </span>
     <span class='ocr_line' id='line_1_15' title="bbox 245 1937 1388 2021; baseline 0.002 -22"><span class='ocrx_word' id='word_1_123' title='bbox 245 1939 280 2000; x_wconf 92' lang='lat' dir='ltr'><strong>ut</strong></span> <span class='ocrx_word' id='word_1_124' title='bbox 311 1939 442 2016; x_wconf 91' lang='lat' dir='ltr'><strong>utraque</strong></span> <span class='ocrx_word' id='word_1_125' title='bbox 473 1937 565 2000; x_wconf 90' lang='lat' dir='ltr'><strong>lectio</strong></span> <span class='ocrx_word' id='word_1_126' title='bbox 597 1956 633 2000; x_wconf 85' lang='lat' dir='ltr'><strong>er</strong></span> <span class='ocrx_word' id='word_1_127' title='bbox 664 1938 762 2000; x_wconf 91' lang='lat' dir='ltr'><strong>altero</strong></span> <span class='ocrx_word' id='word_1_128' title='bbox 793 1937 897 2001; x_wconf 89' lang='lat' dir='ltr'><strong>codice</strong></span> <span class='ocrx_word' id='word_1_129' title='bbox 920 1939 1088 2021; x_wconf 91' lang='lat' dir='ltr'><strong>desumpta</strong></span> <span class='ocrx_word' id='word_1_130' title='bbox 1110 1938 1158 2002; x_wconf 89' lang='lat' dir='ltr'><strong>sit.</strong></span> <span class='ocrx_word' id='word_1_131' title='bbox 1198 1939 1253 2002; x_wconf 92' lang='lat' dir='ltr'><strong>sed</strong></span> <span class='ocrx_word' id='word_1_132' title='bbox 1276 1938 1335 2001; x_wconf 94' lang='lat' dir='ltr'><strong>hac</strong></span> <span class='ocrx_word' id='word_1_133' title='bbox 1356 1939 1388 2001; x_wconf 91' lang='lat' dir='ltr'><strong>in</strong></span> 
     </span>
     <span class='ocr_line' id='line_1_16' title="bbox 244 2038 1388 2125; baseline -0.001 -22"><span class='ocrx_word' id='word_1_134' title='bbox 244 2058 277 2103; x_wconf 89' lang='lat' dir='ltr'><strong>re</strong></span> <span class='ocrx_word' id='word_1_135' title='bbox 301 2038 500 2122; x_wconf 82' lang='lat' dir='ltr'><strong>Gangneium</strong></span> <span class='ocrx_word' id='word_1_136' title='bbox 523 2041 654 2104; x_wconf 89' lang='lat' dir='ltr'><strong>minime</strong></span> <span class='ocrx_word' id='word_1_137' title='bbox 677 2042 721 2104; x_wconf 89' lang='lat' dir='ltr'><strong>ita</strong></span> <span class='ocrx_word' id='word_1_138' title='bbox 744 2041 857 2124; x_wconf 85' lang='lat' dir='ltr'><strong>egisse,</strong></span> <span class='ocrx_word' id='word_1_139' title='bbox 881 2046 915 2105; x_wconf 94' lang='lat' dir='ltr'><strong>ut</strong></span> <span class='ocrx_word' id='word_1_140' title='bbox 929 2042 1169 2125; x_wconf 80' lang='lat' dir='ltr'><strong>Agobardinum</strong></span> <span class='ocrx_word' id='word_1_141' title='bbox 1192 2043 1329 2106; x_wconf 88' lang='lat' dir='ltr'><strong>codicem</strong></span> <span class='ocrx_word' id='word_1_142' title='bbox 1352 2041 1388 2103; x_wconf 83' lang='lat' dir='ltr'><strong>io</strong></span> 
     </span>
     <span class='ocr_line' id='line_1_17' title="bbox 244 2141 1388 2229; baseline 0.001 -25"><span class='ocrx_word' id='word_1_143' title='bbox 244 2141 355 2205; x_wconf 81' lang='lat' dir='ltr'><strong>uerbis</strong></span> <span class='ocrx_word' id='word_1_144' title='bbox 392 2141 624 2206; x_wconf 73' lang='lat' dir='ltr'><strong>Tertullianum</strong></span> <span class='ocrx_word' id='word_1_145' title='bbox 651 2143 861 2227; x_wconf 62' lang='lat' dir='ltr'><strong>potissimum</strong></span> <span class='ocrx_word' id='word_1_146' title='bbox 891 2143 1002 2207; x_wconf 83' lang='lat' dir='ltr'><strong>ducem</strong></span> <span class='ocrx_word' id='word_1_147' title='bbox 1031 2154 1228 2229; x_wconf 77' lang='lat' dir='ltr'><strong>sequeretur,</strong></span> <span class='ocrx_word' id='word_1_148' title='bbox 1263 2144 1320 2208; x_wconf 84' lang='lat' dir='ltr'><strong>scd</strong></span> <span class='ocrx_word' id='word_1_149' title='bbox 1351 2153 1388 2205; x_wconf 86' lang='lat' dir='ltr'><strong>at</strong></span> 
     </span>
     <span class='ocr_line' id='line_1_18' title="bbox 245 2245 1389 2333; baseline 0 -25"><span class='ocrx_word' id='word_1_150' title='bbox 245 2245 386 2310; x_wconf 81' lang='lat' dir='ltr'><strong>atteram</strong></span> <span class='ocrx_word' id='word_1_151' title='bbox 404 2269 469 2332; x_wconf 84' lang='lat' dir='ltr'><strong>pro</strong></span> <span class='ocrx_word' id='word_1_152' title='bbox 486 2246 707 2333; x_wconf 78' lang='lat' dir='ltr'><strong>fundamento</strong></span> <span class='ocrx_word' id='word_1_153' title='bbox 718 2256 864 2332; x_wconf 82' lang='lat' dir='ltr'><strong>poneret,</strong></span> <span class='ocrx_word' id='word_1_154' title='bbox 888 2245 986 2310; x_wconf 78' lang='lat' dir='ltr'><strong>illam</strong></span> <span class='ocrx_word' id='word_1_155' title='bbox 1001 2247 1141 2310; x_wconf 81' lang='lat' dir='ltr'><strong>secaodo</strong></span> <span class='ocrx_word' id='word_1_156' title='bbox 1158 2247 1224 2310; x_wconf 87' lang='lat' dir='ltr'><strong>loco</strong></span> <span class='ocrx_word' id='word_1_157' title='bbox 1241 2247 1389 2310; x_wconf 79' lang='lat' dir='ltr'><strong>habitam</strong></span> 
     </span>
     <span class='ocr_line' id='line_1_19' title="bbox 245 2349 1389 2428; baseline 0.003 -16"><span class='ocrx_word' id='word_1_158' title='bbox 245 2351 281 2413; x_wconf 82' lang='lat' dir='ltr'><strong>io</strong></span> <span class='ocrx_word' id='word_1_159' title='bbox 304 2349 473 2413; x_wconf 76' lang='lat' dir='ltr'><strong>aemiliam</strong></span> <span class='ocrx_word' id='word_1_160' title='bbox 495 2359 637 2428; x_wconf 84' lang='lat' dir='ltr'><strong>uocaret,</strong></span> <span class='ocrx_word' id='word_1_161' title='bbox 660 2355 744 2416; x_wconf 89' lang='lat' dir='ltr'><strong>recte</strong></span> <span class='ocrx_word' id='word_1_162' title='bbox 761 2353 883 2416; x_wconf 89' lang='lat' dir='ltr'><strong>monuit</strong></span> <span class='ocrx_word' id='word_1_163' title='bbox 898 2352 1050 2416; x_wconf 80' lang='lat' dir='ltr'><strong>Ernestus</strong></span> <span class='ocrx_word' id='word_1_164' title='bbox 1065 2353 1261 2416; x_wconf 87' lang='lat' dir='ltr'><strong>Klussmann</strong></span> <span class='ocrx_word' id='word_1_165' title='bbox 1277 2353 1308 2416; x_wconf 92' lang='lat' dir='ltr'><strong>in</strong></span> <span class='ocrx_word' id='word_1_166' title='bbox 1325 2353 1389 2416; x_wconf 91' lang='lat' dir='ltr'><strong>edi·</strong></span> 
     </span>
     <span class='ocr_line' id='line_1_20' title="bbox 245 2453 1389 2539; baseline -0.001 -19"><span class='ocrx_word' id='word_1_167' title='bbox 245 2455 329 2520; x_wconf 90' lang='lat' dir='ltr'><strong>tione</strong></span> <span class='ocrx_word' id='word_1_168' title='bbox 351 2455 452 2520; x_wconf 87' lang='lat' dir='ltr'><strong>libelli</strong></span> <span class='ocrx_word' id='word_1_169' title='bbox 475 2453 512 2517; x_wconf 84' lang='lat' dir='ltr'><strong>de</strong></span> <span class='ocrx_word' id='word_1_170' title='bbox 531 2453 727 2539; x_wconf 81' lang='lat' dir='ltr'><strong>spectaculis</strong></span> <span class='ocrx_word' id='word_1_171' title='bbox 747 2475 776 2538; x_wconf 87' lang='lat' dir='ltr'><strong>p.</strong></span> <span class='ocrx_word' id='word_1_172' title='bbox 797 2455 829 2532; x_wconf 82' lang='lat'><strong>13</strong></span> <span class='ocrx_word' id='word_1_173' title='bbox 854 2457 936 2520; x_wconf 91' lang='lat' dir='ltr'><strong>unde</strong></span> <span class='ocrx_word' id='word_1_174' title='bbox 957 2461 1204 2522; x_wconf 87' lang='lat' dir='ltr'><strong>consentaneum</strong></span> <span class='ocrx_word' id='word_1_175' title='bbox 1225 2460 1283 2538; x_wconf 88' lang='lat' dir='ltr'><strong>est,</strong></span> <span class='ocrx_word' id='word_1_176' title='bbox 1307 2457 1389 2538; x_wconf 89' lang='lat' dir='ltr'><strong>quod</strong></span> 
     </span>
     <span class='ocr_line' id='line_1_21' title="bbox 246 2560 1388 2644; baseline 0 -21"><span class='ocrx_word' id='word_1_177' title='bbox 246 2561 388 2644; x_wconf 84' lang='lat' dir='ltr'><strong>singulae</strong></span> <span class='ocrx_word' id='word_1_178' title='bbox 415 2560 480 2624; x_wconf 86' lang='lat' dir='ltr'><strong>fere</strong></span> <span class='ocrx_word' id='word_1_179' title='bbox 508 2561 599 2624; x_wconf 88' lang='lat' dir='ltr'><strong>huius</strong></span> <span class='ocrx_word' id='word_1_180' title='bbox 624 2561 766 2624; x_wconf 86' lang='lat' dir='ltr'><strong>editionis</strong></span> <span class='ocrx_word' id='word_1_181' title='bbox 789 2562 923 2644; x_wconf 83' lang='lat' dir='ltr'><strong>paginae</strong></span> <span class='ocrx_word' id='word_1_182' title='bbox 950 2561 1175 2640; x_wconf 89' lang='lat' dir='ltr'><strong>demonstrant,</strong></span> <span class='ocrx_word' id='word_1_183' title='bbox 1204 2561 1388 2643; x_wconf 88' lang='lat' dir='ltr'><strong>saepissime</strong></span> 
     </span>
     <span class='ocr_line' id='line_1_22' title="bbox 246 2662 1388 2749; baseline 0.002 -24"><span class='ocrx_word' id='word_1_184' title='bbox 246 2662 326 2749; x_wconf 83' lang='lat' dir='ltr'><strong>Bmp</strong></span> <span class='ocrx_word' id='word_1_185' title='bbox 355 2668 464 2729; x_wconf 89' lang='lat' dir='ltr'><strong>contra</strong></span> <span class='ocrx_word' id='word_1_186' title='bbox 490 2662 521 2738; x_wconf 87' lang='grc' dir='ltr'><em>Β</em></span> <span class='ocrx_word' id='word_1_187' title='bbox 547 2683 619 2728; x_wconf 93' lang='lat' dir='ltr'><strong>cum</strong></span> <span class='ocrx_word' id='word_1_188' title='bbox 647 2662 676 2725; x_wconf 99' lang='lat' dir='ltr'><em>A</em></span> <span class='ocrx_word' id='word_1_189' title='bbox 708 2666 820 2729; x_wconf 87' lang='lat' dir='ltr'><strong>facere.</strong></span> <span class='ocrx_word' id='word_1_190' title='bbox 859 2665 973 2746; x_wconf 87' lang='lat' dir='ltr'><strong>quibus</strong></span> <span class='ocrx_word' id='word_1_191' title='bbox 1004 2665 1172 2748; x_wconf 88' lang='lat' dir='ltr'><strong>disputatis</strong></span> <span class='ocrx_word' id='word_1_192' title='bbox 1204 2665 1268 2728; x_wconf 89' lang='lat' dir='ltr'><strong>iam</strong></span> <span class='ocrx_word' id='word_1_193' title='bbox 1298 2665 1388 2728; x_wconf 87' lang='lat' dir='ltr'><strong>facile</strong></span> 
     </span>
     <span class='ocr_line' id='line_1_23' title="bbox 245 2769 1388 2853; baseline -0.001 -21"><span class='ocrx_word' id='word_1_194' title='bbox 245 2769 444 2852; x_wconf 87' lang='lat' dir='ltr'><strong>intellegetur</strong></span> <span class='ocrx_word' id='word_1_195' title='bbox 464 2772 496 2833; x_wconf 93' lang='lat' dir='ltr'><strong>et</strong></span> <span class='ocrx_word' id='word_1_196' title='bbox 516 2770 585 2852; x_wconf 89' lang='lat' dir='ltr'><strong>quis</strong></span> <span class='ocrx_word' id='word_1_197' title='bbox 605 2789 680 2834; x_wconf 90' lang='lat' dir='ltr'><strong>usus</strong></span> <span class='ocrx_word' id='word_1_198' title='bbox 702 2770 743 2833; x_wconf 92' lang='lat' dir='ltr'><strong>sit</strong></span> <span class='ocrx_word' id='word_1_199' title='bbox 764 2769 909 2834; x_wconf 89' lang='lat' dir='ltr'><strong>editionis</strong></span> <span class='ocrx_word' id='word_1_200' title='bbox 926 2769 1149 2853; x_wconf 83' lang='lat' dir='ltr'><strong>Gangueianae</strong></span> <span class='ocrx_word' id='word_1_201' title='bbox 1169 2788 1241 2834; x_wconf 92' lang='lat' dir='ltr'><strong>oum</strong></span> <span class='ocrx_word' id='word_1_202' title='bbox 1261 2771 1294 2832; x_wconf 89' lang='lat' dir='ltr'><strong>iu</strong></span> <span class='ocrx_word' id='word_1_203' title='bbox 1315 2788 1388 2851; x_wconf 92' lang='lat' dir='ltr'><strong>sup-</strong></span> 
     </span>
     <span class='ocr_line' id='line_1_24' title="bbox 194 2863 1388 2956; baseline -0.003 -19"><span class='ocrx_word' id='word_1_204' title='bbox 194 2879 196 2882; x_wconf 82' lang='grc'><strong>’</strong></span> <span class='ocrx_word' id='word_1_205' title='bbox 246 2874 367 2956; x_wconf 91' lang='lat' dir='ltr'><strong>plendis</strong></span> <span class='ocrx_word' id='word_1_206' title='bbox 398 2872 470 2936; x_wconf 89' lang='lat' dir='ltr'><strong>libri</strong></span> <span class='ocrx_word' id='word_1_207' title='bbox 492 2871 520 2934; x_wconf 89' lang='lat' dir='ltr'><em>A</em></span> <span class='ocrx_word' id='word_1_208' title='bbox 543 2873 732 2938; x_wconf 85' lang='lat' dir='ltr'><strong>testimoniis</strong></span> <span class='ocrx_word' id='word_1_209' title='bbox 763 2876 833 2937; x_wconf 93' lang='lat' dir='ltr'><strong>tum</strong></span> <span class='ocrx_word' id='word_1_210' title='bbox 860 2874 892 2937; x_wconf 92' lang='lat' dir='ltr'><strong>in</strong></span> <span class='ocrx_word' id='word_1_211' title='bbox 922 2863 1122 2938; x_wconf 79' lang='lat' dir='ltr'><strong>recensendis</strong></span> <span class='ocrx_word' id='word_1_212' title='bbox 1152 2874 1196 2936; x_wconf 90' lang='lat' dir='ltr'><strong>eis</strong></span> <span class='ocrx_word' id='word_1_213' title='bbox 1226 2873 1325 2952; x_wconf 79' lang='lat' dir='ltr'><strong>libris,</strong></span> <span class='ocrx_word' id='word_1_214' title='bbox 1355 2873 1388 2934; x_wconf 91' lang='lat' dir='ltr'><strong>in</strong></span> 
     </span>
     <span class='ocr_line' id='line_1_25' title="bbox 244 2968 1389 3061; baseline -0.002 -20"><span class='ocrx_word' id='word_1_215' title='bbox 244 2977 359 3058; x_wconf 58' lang='lat' dir='ltr'><strong>‘quibus</strong></span> <span class='ocrx_word' id='word_1_216' title='bbox 376 2978 461 3041; x_wconf 91' lang='lat' dir='ltr'><strong>omni</strong></span> <span class='ocrx_word' id='word_1_217' title='bbox 477 2978 616 3042; x_wconf 90' lang='lat' dir='ltr'><strong>codicum</strong></span> <span class='ocrx_word' id='word_1_218' title='bbox 633 2979 918 3061; x_wconf 82' lang='lat' dir='ltr'><strong>manuscriptorum</strong></span> <span class='ocrx_word' id='word_1_219' title='bbox 930 2997 987 3061; x_wconf 92' lang='lat' dir='ltr'><strong>ope</strong></span> <span class='ocrx_word' id='word_1_220' title='bbox 1000 2968 1210 3057; x_wconf 81' lang='lat' dir='ltr'><strong>destituimur,</strong></span> <span class='ocrx_word' id='word_1_221' title='bbox 1227 2980 1259 3040; x_wconf 89' lang='lat' dir='ltr'><strong>et</strong></span> <span class='ocrx_word' id='word_1_222' title='bbox 1270 2979 1389 3058; x_wconf 89' lang='lat' dir='ltr'><strong>quanta</strong></span> 
     </span>
     <span class='ocr_line' id='line_1_26' title="bbox 247 3080 1388 3164; baseline -0.003 -18"><span class='ocrx_word' id='word_1_223' title='bbox 247 3083 389 3146; x_wconf 92' lang='lat' dir='ltr'><strong>cautione</strong></span> <span class='ocrx_word' id='word_1_224' title='bbox 405 3083 438 3145; x_wconf 95' lang='lat' dir='ltr'><strong>in</strong></span> <span class='ocrx_word' id='word_1_225' title='bbox 455 3081 631 3146; x_wconf 89' lang='lat' dir='ltr'><strong>adhibenda</strong></span> <span class='ocrx_word' id='word_1_226' title='bbox 648 3083 712 3146; x_wconf 90' lang='lat' dir='ltr'><strong>eius</strong></span> <span class='ocrx_word' id='word_1_227' title='bbox 730 3083 915 3147; x_wconf 89' lang='lat' dir='ltr'><strong>auctoritate</strong></span> <span class='ocrx_word' id='word_1_228' title='bbox 932 3101 1009 3164; x_wconf 90' lang='lat' dir='ltr'><strong>opus</strong></span> <span class='ocrx_word' id='word_1_229' title='bbox 1026 3083 1075 3146; x_wconf 91' lang='lat' dir='ltr'><strong>sit.</strong></span> <span class='ocrx_word' id='word_1_230' title='bbox 1100 3100 1174 3145; x_wconf 92' lang='lat' dir='ltr'><strong>nam</strong></span> <span class='ocrx_word' id='word_1_231' title='bbox 1190 3080 1388 3164; x_wconf 83' lang='lat' dir='ltr'><strong>Gangneium</strong></span> 
     </span>
     <span class='ocr_line' id='line_1_27' title="bbox 246 3185 1386 3270; baseline -0.003 -19"><span class='ocrx_word' id='word_1_232' title='bbox 246 3206 348 3268; x_wconf 86' lang='lat' dir='ltr'><strong>neque</strong></span> <span class='ocrx_word' id='word_1_233' title='bbox 375 3187 578 3270; x_wconf 89' lang='lat' dir='ltr'><strong>legendorum</strong></span> <span class='ocrx_word' id='word_1_234' title='bbox 606 3188 748 3251; x_wconf 92' lang='lat' dir='ltr'><strong>codicum</strong></span> <span class='ocrx_word' id='word_1_235' title='bbox 776 3188 852 3250; x_wconf 89' lang='lat' dir='ltr'><strong>satis</strong></span> <span class='ocrx_word' id='word_1_236' title='bbox 879 3187 1018 3269; x_wconf 90' lang='lat' dir='ltr'><strong>peritum</strong></span> <span class='ocrx_word' id='word_1_237' title='bbox 1044 3186 1142 3250; x_wconf 89' lang='lat' dir='ltr'><strong>fuisse</strong></span> <span class='ocrx_word' id='word_1_238' title='bbox 1164 3222 1208 3231; x_wconf 97' lang='lat'>—</span> <span class='ocrx_word' id='word_1_239' title='bbox 1230 3204 1325 3266; x_wconf 86' lang='lat' dir='ltr'><strong>quam</strong></span> <span class='ocrx_word' id='word_1_240' title='bbox 1348 3185 1386 3248; x_wconf 93' lang='lat' dir='ltr'><strong>ob</strong></span> 
     </span>
     <span class='ocr_line' id='line_1_28' title="bbox 247 3289 1387 3374; baseline -0.004 -19"><span class='ocrx_word' id='word_1_241' title='bbox 247 3309 372 3355; x_wconf 89' lang='lat' dir='ltr'><strong>causam</strong></span> <span class='ocrx_word' id='word_1_242' title='bbox 395 3310 411 3354; x_wconf 92' lang='lat' dir='ltr'><strong>e</strong></span> <span class='ocrx_word' id='word_1_243' title='bbox 413 3290 679 3374; x_wconf 85' lang='lat' dir='ltr'><strong>tAgobardinum</strong></span> <span class='ocrx_word' id='word_1_244' title='bbox 699 3309 773 3374; x_wconf 91' lang='lat' dir='ltr'><strong>prae</strong></span> <span class='ocrx_word' id='word_1_245' title='bbox 794 3291 897 3355; x_wconf 90' lang='lat' dir='ltr'><strong>codice</strong></span> <span class='ocrx_word' id='word_1_246' title='bbox 916 3291 1090 3355; x_wconf 83' lang='lat' dir='ltr'><strong>recentiore</strong></span> <span class='ocrx_word' id='word_1_247' title='bbox 1110 3290 1262 3373; x_wconf 86' lang='lat' dir='ltr'><strong>spreuite</strong></span> <span class='ocrx_word' id='word_1_248' title='bbox 1218 3289 1387 3354; x_wconf 86' lang='lat' dir='ltr'><strong>tetlibros</strong></span> 
     </span>
     <span class='ocr_line' id='line_1_29' title="bbox 247 3393 1386 3479; baseline -0.001 -22"><span class='ocrx_word' id='word_1_249' title='bbox 247 3394 460 3458; x_wconf 80' lang='lat' dir='ltr'><strong>adnationes</strong></span> <span class='ocrx_word' id='word_1_250' title='bbox 488 3399 597 3479; x_wconf 93' lang='lat' dir='ltr'><strong>uttpoe</strong></span> <span class='ocrx_word' id='word_1_251' title='bbox 566 3395 708 3459; x_wconf 88' lang='lat' dir='ltr'><strong>tleotu</strong></span> <span class='ocrx_word' id='word_1_252' title='bbox 735 3394 879 3459; x_wconf 86' lang='lat' dir='ltr'><strong>difficiles</strong></span> <span class='ocrx_word' id='word_1_253' title='bbox 903 3395 994 3459; x_wconf 91' lang='lat' dir='ltr'><strong>edere</strong></span> <span class='ocrx_word' id='word_1_254' title='bbox 1017 3395 1183 3458; x_wconf 84' lang='lat' dir='ltr'><strong>noluit-</strong></span> <span class='ocrx_word' id='word_1_255' title='bbox 1207 3393 1386 3458; x_wconf 89' lang='lat' dir='ltr'><strong>eotmnino</strong></span> 
     </span>
     <span class='ocr_line' id='line_1_30' title="bbox 245 3499 1387 3582; baseline -0.002 -19"><span class='ocrx_word' id='word_1_256' title='bbox 245 3501 328 3565; x_wconf 90' lang='lat' dir='ltr'><strong>inter</strong></span> <span class='ocrx_word' id='word_1_257' title='bbox 359 3503 521 3582; x_wconf 90' lang='lat' dir='ltr'><strong>suspectae</strong></span> <span class='ocrx_word' id='word_1_258' title='bbox 551 3499 624 3563; x_wconf 90' lang='lat' dir='ltr'><strong>fidei</strong></span> <span class='ocrx_word' id='word_1_259' title='bbox 648 3502 789 3564; x_wconf 90' lang='lat' dir='ltr'><strong>auctores</strong></span> <span class='ocrx_word' id='word_1_260' title='bbox 817 3499 1046 3563; x_wconf 88' lang='lat' dir='ltr'><strong>numerandum</strong></span> <span class='ocrx_word' id='word_1_261' title='bbox 1074 3518 1152 3580; x_wconf 90' lang='lat' dir='ltr'><strong>esse,</strong></span> <span class='ocrx_word' id='word_1_262' title='bbox 1184 3499 1303 3579; x_wconf 87' lang='lat' dir='ltr'><strong>utqui</strong></span> <span class='ocrx_word' id='word_1_263' title='bbox 1332 3515 1387 3582; x_wconf 89' lang='lat' dir='ltr'><strong>pro</strong></span> 
     </span>
     <span class='ocr_line' id='line_1_31' title="bbox 246 3602 1387 3686; baseline -0.003 -18"><span class='ocrx_word' id='word_1_264' title='bbox 246 3606 388 3669; x_wconf 92' lang='lat' dir='ltr'><strong>codicum</strong></span> <span class='ocrx_word' id='word_1_265' title='bbox 417 3603 602 3668; x_wconf 89' lang='lat' dir='ltr'><strong>lectionibus</strong></span> <span class='ocrx_word' id='word_1_266' title='bbox 635 3607 689 3668; x_wconf 91' lang='lat' dir='ltr'><strong>aut</strong></span> <span class='ocrx_word' id='word_1_267' title='bbox 719 3623 815 3686; x_wconf 89' lang='lat' dir='ltr'><strong>praue</strong></span> <span class='ocrx_word' id='word_1_268' title='bbox 838 3605 908 3669; x_wconf 90' lang='lat' dir='ltr'><strong>leot</strong></span> <span class='ocrx_word' id='word_1_269' title='bbox 887 3608 926 3668; x_wconf 84' lang='lat' dir='ltr'><strong>trs</strong></span> <span class='ocrx_word' id='word_1_270' title='bbox 951 3607 1091 3668; x_wconf 92' lang='lat' dir='ltr'><strong>autnon</strong></span> <span class='ocrx_word' id='word_1_271' title='bbox 1114 3603 1227 3668; x_wconf 91' lang='lat' dir='ltr'><strong>satis</strong></span> <span class='ocrx_word' id='word_1_272' title='bbox 1219 3602 1387 3676; x_wconf 78' lang='lat' dir='ltr'><strong>intellectis</strong></span> 
     </span>
     <span class='ocr_line' id='line_1_32' title="bbox 246 3708 1387 3774; baseline -0.004 -1"><span class='ocrx_word' id='word_1_273' title='bbox 246 3709 439 3774; x_wconf 88' lang='lat' dir='ltr'><strong>coniecturas</strong></span> <span class='ocrx_word' id='word_1_274' title='bbox 471 3726 543 3772; x_wconf 89' lang='lat' dir='ltr'><strong>suas</strong></span> <span class='ocrx_word' id='word_1_275' title='bbox 575 3709 625 3772; x_wconf 91' lang='lat' dir='ltr'><strong>uel</strong></span> <span class='ocrx_word' id='word_1_276' title='bbox 656 3709 882 3772; x_wconf 81' lang='lat' dir='ltr'><strong>audacissimos</strong></span> <span class='ocrx_word' id='word_1_277' title='bbox 909 3708 1070 3772; x_wconf 91' lang='lat' dir='ltr'><strong>uenditare</strong></span> <span class='ocrx_word' id='word_1_278' title='bbox 1098 3726 1193 3772; x_wconf 89' lang='lat' dir='ltr'><strong>ausus</strong></span> <span class='ocrx_word' id='word_1_279' title='bbox 1221 3708 1263 3771; x_wconf 91' lang='lat' dir='ltr'><strong>sit</strong></span> <span class='ocrx_word' id='word_1_280' title='bbox 1291 3710 1323 3771; x_wconf 92' lang='lat' dir='ltr'><strong>t</strong></span> <span class='ocrx_word' id='word_1_281' title='bbox 1348 3725 1387 3769; x_wconf 93' lang='lat' dir='ltr'><strong>ne</strong></span> 
     </span>
     <span class='ocr_line' id='line_1_33' title="bbox 247 3812 1389 3896; baseline -0.004 -18"><span class='ocrx_word' id='word_1_282' title='bbox 247 3813 285 3878; x_wconf 92' lang='lat' dir='ltr'><strong>ab</strong></span> <span class='ocrx_word' id='word_1_283' title='bbox 310 3816 397 3895; x_wconf 91' lang='lat' dir='ltr'><strong>apert</strong></span> <span class='ocrx_word' id='word_1_284' title='bbox 398 3813 424 3876; x_wconf 90' lang='lat' dir='ltr'><strong>is</strong></span> <span class='ocrx_word' id='word_1_285' title='bbox 448 3812 574 3895; x_wconf 90' lang='lat' dir='ltr'><strong>quidem</strong></span> <span class='ocrx_word' id='word_1_286' title='bbox 598 3813 769 3877; x_wconf 85' lang='lat' dir='ltr'><strong>mendaciis</strong></span> <span class='ocrx_word' id='word_1_287' title='bbox 791 3813 997 3893; x_wconf 88' lang='lat' dir='ltr'><strong>abhorruerit</strong></span> <span class='ocrx_word' id='word_1_288' title='bbox 974 3812 1145 3896; x_wconf 89' lang='lat' dir='ltr'><strong>tegregio</strong></span> <span class='ocrx_word' id='word_1_289' title='bbox 1165 3830 1265 3894; x_wconf 90' lang='lat' dir='ltr'><strong>nuper</strong></span> <span class='ocrx_word' id='word_1_290' title='bbox 1285 3830 1389 3874; x_wconf 85' lang='lat' dir='ltr'><strong>exem-</strong></span> 
     </span>
     <span class='ocr_line' id='line_1_34' title="bbox 246 3915 1387 4001; baseline -0.003 -20"><span class='ocrx_word' id='word_1_291' title='bbox 246 3919 339 4001; x_wconf 90' lang='lat' dir='ltr'><strong>plo&#39;</strong></span> <span class='ocrx_word' id='word_1_292' title='bbox 331 3937 363 3981; x_wconf 89' lang='grc' dir='ltr'><strong>ιιι</strong></span> <span class='ocrx_word' id='word_1_293' title='bbox 398 3917 516 3981; x_wconf 90' lang='lat' dir='ltr'><strong>edendo</strong></span> <span class='ocrx_word' id='word_1_294' title='bbox 550 3916 677 3982; x_wconf 77' lang='lat' dir='ltr'><strong>Claudio</strong></span> <span class='ocrx_word' id='word_1_295' title='bbox 708 3917 809 3981; x_wconf 88' lang='lat' dir='ltr'><strong>Mario</strong></span> <span class='ocrx_word' id='word_1_296' title='bbox 839 3917 965 3981; x_wconf 88' lang='lat' dir='ltr'><strong>Victore</strong></span> <span class='ocrx_word' id='word_1_297' title='bbox 1000 3918 1146 3981; x_wconf 89' lang='lat' dir='ltr'><strong>demonst</strong></span> <span class='ocrx_word' id='word_1_298' title='bbox 1146 3917 1229 3980; x_wconf 91' lang='lat' dir='ltr'><strong>rauit</strong></span> <span class='ocrx_word' id='word_1_299' title='bbox 1215 3915 1387 3981; x_wconf 80' lang='lat' dir='ltr'><strong>throlus</strong></span> 
     </span>
     <span class='ocr_line' id='line_1_35' title="bbox 246 4021 1388 4105; baseline -0.001 -20"><span class='ocrx_word' id='word_1_300' title='bbox 246 4021 389 4086; x_wconf 84' lang='lat' dir='ltr'><strong>Schenkl.</strong></span> <span class='ocrx_word' id='word_1_301' title='bbox 400 4022 424 4105; x_wconf 85' lang='lat'><strong>¹)</strong></span> <span class='ocrx_word' id='word_1_302' title='bbox 463 4021 550 4085; x_wconf 90' lang='lat' dir='ltr'><strong>ouius</strong></span> <span class='ocrx_word' id='word_1_303' title='bbox 574 4021 838 4086; x_wconf 89' lang='lat' dir='ltr'><strong>commentatione</strong></span> <span class='ocrx_word' id='word_1_304' title='bbox 862 4022 889 4085; x_wconf 91' lang='lat' dir='ltr'><strong>si</strong></span> <span class='ocrx_word' id='word_1_305' title='bbox 904 4021 1157 4085; x_wconf 88' lang='lat' dir='ltr'><strong>Reifferscheidio</strong></span> <span class='ocrx_word' id='word_1_306' title='bbox 1179 4021 1321 4085; x_wconf 87' lang='lat' dir='ltr'><strong>licuisset</strong></span> <span class='ocrx_word' id='word_1_307' title='bbox 1343 4021 1388 4084; x_wconf 93' lang='grc' dir='ltr'><strong>ιι</strong></span> 
     </span>
     <span class='ocr_line' id='line_1_36' title="bbox 246 4124 1386 4208; baseline -0.002 -19"><span class='ocrx_word' id='word_1_308' title='bbox 246 4127 330 4189; x_wconf 89' lang='lat' dir='ltr'><strong>haud</strong></span> <span class='ocrx_word' id='word_1_309' title='bbox 354 4127 470 4190; x_wconf 90' lang='lat' dir='ltr'><strong>scimus</strong></span> <span class='ocrx_word' id='word_1_310' title='bbox 494 4144 533 4189; x_wconf 94' lang='lat' dir='ltr'><strong>an</strong></span> <span class='ocrx_word' id='word_1_311' title='bbox 559 4125 653 4190; x_wconf 90' lang='lat' dir='ltr'><strong>ctiam</strong></span> <span class='ocrx_word' id='word_1_312' title='bbox 676 4126 746 4208; x_wconf 90' lang='lat' dir='ltr'><strong>plus</strong></span> <span class='ocrx_word' id='word_1_313' title='bbox 770 4125 843 4189; x_wconf 90' lang='lat' dir='ltr'><strong>fidei</strong></span> <span class='ocrx_word' id='word_1_314' title='bbox 865 4124 1026 4208; x_wconf 71' lang='lat' dir='ltr'><strong>(langneio</strong></span> <span class='ocrx_word' id='word_1_315' title='bbox 1050 4125 1255 4208; x_wconf 89' lang='lat' dir='ltr'><strong>derogaturus</strong></span> <span class='ocrx_word' id='word_1_316' title='bbox 1278 4125 1386 4199; x_wconf 85' lang='lat' dir='ltr'><strong>fuerit,</strong></span> 
     </span>
    </p>
   </div>
   <div class='ocr_carea' id='block_1_3' title="bbox 0 0 1604 5034">
    <p class='ocr_par' dir='ltr' id='par_1_3' title="bbox 0 0 1604 5034">
     <span class='ocr_line' id='line_1_37' title="bbox 0 0 1604 5034; baseline 0 0"><span class='ocrx_word' id='word_1_317' title='bbox 0 0 1604 5034; x_wconf 95' lang='lat' dir='ltr'><strong> </strong></span> 
     </span>
    </p>
   </div>
   <div class='ocr_carea' id='block_1_4' title="bbox 292 3730 1587 4419">
    <p class='ocr_par' dir='ltr' id='par_1_4' title="bbox 292 3730 1587 4733">
     <span class='ocr_line' id='line_1_38' title="bbox 1586 3730 1587 3797; baseline 0 0"><span class='ocrx_word' id='word_1_318' title='bbox 1586 3730 1587 3797; x_wconf 86' lang='lat' dir='ltr'><strong>l</strong></span> 
     </span>
     <span class='ocr_line' id='line_1_39' title="bbox 292 4349 1135 4419; baseline 0.002 -17"><span class='ocrx_word' id='word_1_319' title='bbox 292 4350 310 4418; x_wconf 88' lang='lat'><strong>¹)</strong></span> <span class='ocrx_word' id='word_1_320' title='bbox 329 4350 426 4403; x_wconf 86' lang='lat' dir='ltr'><strong>Poetae</strong></span> <span class='ocrx_word' id='word_1_321' title='bbox 446 4349 584 4403; x_wconf 86' lang='lat' dir='ltr'><strong>christiani</strong></span> <span class='ocrx_word' id='word_1_322' title='bbox 604 4351 719 4403; x_wconf 89' lang='lat' dir='ltr'><strong>minores</strong></span> <span class='ocrx_word' id='word_1_323' title='bbox 737 4350 789 4404; x_wconf 89' lang='lat' dir='ltr'><strong>nol.</strong></span> <span class='ocrx_word' id='word_1_324' title='bbox 805 4351 818 4403; x_wconf 93' lang='grc' dir='ltr'>Ι</span> <span class='ocrx_word' id='word_1_325' title='bbox 836 4367 861 4419; x_wconf 92' lang='lat' dir='ltr'><strong>p.</strong></span> <span class='ocrx_word' id='word_1_326' title='bbox 876 4353 925 4405; x_wconf 83' lang='lat'><strong>337</strong></span> <span class='ocrx_word' id='word_1_327' title='bbox 939 4366 1004 4418; x_wconf 75' lang='lat' dir='ltr'><strong>sqq,</strong></span> <span class='ocrx_word' id='word_1_328' title='bbox 1016 4353 1066 4405; x_wconf 76' lang='lat'><strong>437</strong></span> <span class='ocrx_word' id='word_1_329' title='bbox 1080 4366 1135 4418; x_wconf 86' lang='lat' dir='ltr'><strong>sqq</strong></span> 
     </span>
    </p>
   </div>
  </div>
 </body>
</html>
