3200 5034
292 424 356 487 224
519 423 636 489 Quinti
654 424 793 493 Septimi
812 425 980 479 Florentia
999 424 1200 479 Tertulliani

290 598 427 663 uidimus
450 600 483 664 in
506 600 582 663 duos
606 600 716 664 exitus.
763 601 826 665 alia
849 604 940 665 erunt
962 600 1178 680 remissibilia,
1207 600 1268 664 alia
1290 598 1434 663 inremis-

291 703 402 768 sibilia.
441 705 614 769 seeundum
637 704 719 787 quod
743 705 863 769 nemini
886 705 1016 769 dubium
1040 708 1088 769 est
1111 705 1173 769 alia
1195 704 1433 789 castigationem

290 807 413 888 mereri,
436 809 499 872 alia
521 808 765 873 damnationem.
799 826 892 873 omne
916 809 1066 874 delictum
1088 812 1143 873 aut
1166 808 1259 873 uenia
1273 808 1434 891 dispungit

291 914 345 976 aut
366 930 481 995 poena,
511 914 603 977 uenia
634 932 671 977 11
701 913 922 997 castigatione,
953 932 1055 996 poena
1081 932 1117 977 11
1141 912 1349 977 damnatione.
1395 912 1432 975 de

251 1016 353 1081 cista
390 1017 566 1081 differentia
602 1018 666 1081 iam
701 1022 732 1083 et
765 1018 919 1099 quasdam
956 1018 1177 1101 praemisimus
1216 1017 1432 1082 altercationes

291 1121 516 1203 scripturarum
539 1122 612 1186 binc
634 1123 837 1187 retinentium
859 1123 933 1187 hine
956 1123 1181 1186 dimittentium
1210 1122 1333 1186 delicta.
1378 1120 1432 1183 sed

291 1228 323 1289 et
336 1225 494 1291 lohannes
510 1226 646 1291 docebit:
671 1227 702 1290 si
717 1228 799 1308 quis
817 1227 890 1291 scit
905 1228 1062 1291 fratrem
1085 1245 1191 1297 suum
1216 1226 1430 1307 delinquere

291 1330 471 1395 delictum
493 1350 565 1395 non
592 1332 635 1395 ad
666 1334 836 1411 mortem,
867 1330 1079 1413 postulabit
1109 1334 1145 1395 et
1174 1330 1324 1394 dabitur
1354 1330 1431 1392 uita

291 1434 339 1509 ei;
371 1436 457 1518 quia
486 1454 557 1499 non
588 1435 631 1499 ad
663 1438 819 1499 mortem
842 1416 1043 1517 delinquit,
1074 1436 1133 1500 hoc
1157 1435 1214 1499 erit
1235 1433 1428 1498 remissibile.

239 1565 265 1603 ιο
291 1542 348 1603 est
370 1540 549 1604 delictum
574 1541 617 1603 ad
640 1543 811 1613 mortem;
835 1558 905 1604 non
928 1558 993 1622 pro
1016 1540 1085 1603 illo
1106 1539 1200 1619 dieo,
1223 1542 1264 1603 ut
1279 1539 1430 1620 quispe-

291 1644 424 1723 stulet,
448 1645 507 1709 hoe
530 1644 589 1707 erit
610 1644 843 1709 inremissibile.
888 1644 932 1707 ita
954 1643 1009 1708 ubi
1033 1646 1081 1708 est
1104 1636 1321 1727 postulationis
1343 1642 1427 1720 ratio,

289 1747 353 1811 illie
384 1748 479 1812 etiam
509 1749 718 1824 remissionis3
749 1748 805 1813 ubi
835 1766 893 1812 nec
922 1748 1158 1830 postulationis,
1189 1748 1233 1811 ibi
1256 1766 1353 1829 aeque
1375 1763 1428 1808 nec

290 1852 492 1916 remissionis.
546 1853 719 1918 secundum
748 1853 830 1917 hane
865 1852 1076 1917 differentiam
1110 1853 1295 1916 delictorum
1327 1849 1429 1934 paeni-

290 1956 407 2020 tentiae
431 1974 553 2039 quoque
575 1956 715 2021 condicio
738 1956 983 2020 discriminatur.
1029 1957 1091 2021 alia
1122 1956 1181 2020 erit
1206 1974 1286 2038 quae
1308 1954 1429 2018 ueniam

240 2083 265 2123 11
292 2060 441 2141 consequi
469 2061 582 2143 possit,
613 2061 645 2124 in
672 2061 784 2125 delicto
809 2061 928 2125 sedicet
950 2060 1144 2141 remissibili,
1176 2060 1238 2124 alia
1260 2077 1339 2142 quae
1361 2076 1429 2121 con-

291 2164 381 2247 sequi
410 2165 496 2229 nullo
526 2164 618 2229 modo
648 2166 761 2248 possit,
791 2166 825 2230 in
857 2164 969 2230 debete
997 2165 1115 2228 seilicet
1136 2162 1357 2228 imamissibili.
1401 2163 1429 2224 11

292 2270 434 2350 superest
464 2269 639 2351 specialiter
668 2269 707 2333 de
737 2270 897 2333 moechiae
921 2272 953 2333 et
974 2269 1188 2333 fornicationis
1212 2271 1297 2332 statu
1321 2266 1417 2329 erami

291 2390 376 2452 nare,
399 2373 431 2435 in
455 2391 551 2454 quam
574 2372 758 2437 delictorum
780 2378 903 2457 partem
927 2373 1062 2438 debeant
1084 2373 1190 2456 redigi.
1426 2454 1428 2471 Ι

335 2474 364 2540 3.
389 2474 449 2541 Sed
471 2478 556 2560 prius
580 2477 720 2541 decidam
742 2477 990 2542 intercedentem
1011 2496 1048 2542 11
1064 2478 1185 2541 diuerso
1201 2476 1428 2559 responsionem
1496 2468 1499 2473 ’

239 2606 266 2646 a
293 2581 331 2645 ad
356 2599 426 2646 eam
451 2582 661 2664 paenitentiae
691 2584 843 2666 speeiem,
875 2601 969 2664 quam
999 2600 1071 2646 cum
1102 2582 1236 2646 manime
1268 2579 1428 2645 definimus

291 2686 384 2749 uenia
406 2703 521 2750 carere.
555 2686 697 2766 sienim,
720 2687 877 2769 inquiunt,
903 2687 1009 2768 aliqua
1023 2687 1217 2769 paenitentia
1232 2688 1317 2749 caret
1331 2684 1429 2762 uenia,

292 2790 355 2853 i'am
386 2808 443 2854 nee
472 2790 506 2853 in
536 2793 637 2854 totum
668 2791 790 2874 agenda
815 2791 873 2855 tibi
896 2794 952 2855 est.
999 2792 1076 2855 nibil
1100 2792 1184 2854 enirn
1207 2788 1363 2874 agendum
1385 2791 1430 2851 est

292 2893 417 2959 frustra.
452 2912 543 2978 porro
560 2895 678 2959 frustm
693 2898 803 2979 agetur
818 2895 1021 2978 paenitentia,
1046 2896 1073 2959 si
1088 2898 1173 2959 earet
1194 2895 1296 2959 uenia.
1332 2891 1429 2956 omnis

292 3000 399 3063 autem
425 3000 615 3082 paenitentia
641 3000 763 3084 agenda
791 3002 848 3063 est.
886 3017 959 3083 ergo
985 3000 1087 3063 omnis
1111 3000 1236 3064 ueniam
1253 2992 1430 3079 ¹cousequa-

239 3126 266 3167 25
292 3105 358 3183 tur,
391 3123 431 3167 ne
465 3103 583 3167 frustra
618 3107 743 3188 agatur,
780 3104 856 3185 quia
892 3122 954 3168 non
990 3104 1062 3184 erit,
1098 3105 1125 3167 si
1158 3104 1276 3168 frustra
1314 3104 1428 3186 agatur.

291 3224 382 3289 porro
412 3208 530 3271 frustra
560 3208 677 3292 agitur,
710 3209 737 3272 si
767 3209 860 3273 uenia
890 3206 1017 3271 carebit.
1064 3208 1175 3273 marito
1206 3208 1312 3289 itaque
1339 3224 1430 3289 oppo-

294 3314 385 3392 nunt,
409 3312 492 3394 quod
514 3312 608 3377 huius
632 3331 753 3395 quoque
775 3313 986 3395 paenitentiae
1009 3312 1157 3392 fructum,
1180 3312 1211 3375 id
1234 3315 1282 3375 est
1298 3312 1430 3389 ueniam,

291 3417 324 3478 in
358 3435 416 3480 sua
447 3420 602 3500 potestate
636 3420 877 3498 usurpauerunt.
925 3404 1079 3499 quantuni
1113 3417 1195 3479 enirn
1230 3416 1268 3487 ad
1301 3416 1383 3495 illos,
1413 3432 1431 3477 a

293 3520 404 3601 quibus
419 3539 538 3603 pacem
559 3522 732 3585 humanam
754 3522 966 3604 consequitur,
990 3522 1107 3585 frustra
1130 3522 1241 3603 agitur.
1281 3522 1444 3613 quantum

397 3735 425 3805 1]
446 3739 459 3792 1
478 3736 536 3791 Ioh.
550 3739 574 3802 5,
588 3740 628 3793 11.

336 3940 353 3991 3
371 3936 511 4005 dispungit
528 3937 588 4005 Be,
607 3938 736 4006 expungit
756 3937 807 3993 oea
868 3941 884 3994 9
903 3939 925 3991 11
945 3938 991 4006 qui
1009 3953 1062 3991 non
1080 3938 1138 3991 Lot
1197 3939 1227 3992 ll
1246 3935 1428 4005 postulationis

293 4025 361 4079 ratio
387 4026 453 4079 Urs:
474 4024 661 4092 postulationis
683 4026 719 4092 B,
741 4026 930 4094 postulationis
952 4026 993 4078 uis
1021 4026 1157 4093 0111111111,
1183 4024 1370 4093 postulationis
1390 4024 1428 4075 ius

292 4113 437 4167 Heotelius
508 4113 736 4166 1611111111
806 4115 840 4167 20
863 4130 924 4166 cum
947 4112 1060 4166 maxime
1079 4112 1222 4165 definimus
1246 4113 1325 4165 uenia
1348 4126 1428 4165 carere

295 4198 359 4252 Gel:
375 4198 489 4252 maxime
508 4198 618 4251 definiui
636 4198 714 4251 uenia
731 4202 805 4252 earet
823 4201 850 4253 B
920 4202 954 4255 23
973 4199 1046 4251 omni
1063 4200 1119 4269 Rip
1188 4201 1224 4254 24
1245 4199 1353 4253 neniam
1372 4199 1429 4253 Get:

293 4287 410 4339 ueniaB
463 4287 702 4354 consequiturLat
754 4289 788 4341 25
800 4287 852 4340 erit
865 4286 968 4354 agenda
981 4287 1032 4341 cea
1085 4289 1118 4341 26
1131 4288 1225 4355 agetur
1241 4289 1293 4343 Urs
1345 4287 1427 4352 itaque

293 4374 328 4439 B,
347 4372 440 4439 utique
459 4373 497 4426 ita
513 4375 565 4428 Urs
616 4376 650 4428 27
670 4374 795 4440 quoniam
811 4374 862 4428 Gel
914 4377 948 4429 29
966 4374 1067 4426 frustra
1085 4374 1175 4441 agitur
1193 4374 1257 4428 add.
1274 4373 1427 4429 0111111111
