3200 5034
570 436 646 490 VIII.
665 438 709 490 De
726 435 892 505 pudicitia
910 439 950 492 14.
1270 436 1332 499 249

190 611 302 675 flatum
326 615 357 675 ct
379 611 411 675 in
435 612 592 693 quendam
615 613 781 693 incestum,
805 613 837 676 in
860 613 993 677 alterum
1017 612 1114 695 uirga,
1143 612 1175 676 in
1199 613 1333 677 alterum

191 717 349 779 sententia
363 719 531 779 armatum.
555 717 654 800 ulrga,
671 735 766 798 quarn
781 717 971 797 minabatur,
989 717 1155 797 sententia,
1171 735 1265 798 quam
1283 736 1333 791 er·

191 820 396 902 sequebatnr;
415 820 502 883 illam
519 821 620 896 adhuc
635 825 863 902 eoruscantem,
879 821 962 885 hanc
978 821 1086 885 statim
1102 821 1333 902 fulminantem,

192 944 254 1007 qna
265 924 457 1008 increpabat,
473 943 535 1005 qua
550 925 729 989 damnabat.
758 930 942 1008 certumque
959 929 1006 989 est
1022 926 1131 989 exinde
1146 926 1332 1009 increpitum

191 1030 317 1110 quidem
338 1028 396 1093 sub
416 1029 623 1095 intentatione
643 1030 750 1115 uirgae
772 1030 949 1111 tremuisse,
973 1031 1156 1095 damnatum
1177 1048 1250 1094 uero
1275 1032 1332 1095 sub
1373 1059 1386 1097 5
1453 1054 1456 1062 ¹

190 1134 478 1216 repraesentatione
492 1152 611 1217 poenae
626 1135 753 1218 perisse.
793 1136 902 1199 statim
918 1136 970 1199 ille
987 1136 1101 1199 timens
1117 1136 1244 1219 plagam
1261 1155 1333 1215 aas,

191 1239 270 1303 abiit
291 1240 343 1303 ille
366 1240 456 1303 luens
479 1257 622 1322 poenam.
668 1258 741 1303 cnm
765 1240 803 1304 ad
827 1238 1003 1305 Corinthios
1034 1240 1172 1303 eiusdem
1203 1241 1335 1322 apostoli

191 1344 316 1408 litterae
339 1344 501 1424 iterantur,
533 1344 624 1407 nenia
646 1344 683 1408 fit
705 1344 814 1427 plane,
839 1344 893 1408 sed
916 1345 1072 1409 Incertum
1095 1344 1157 1424 cui,
1182 1345 1254 1426 qula
1277 1362 1335 1408 nec

191 1467 326 1531 persona
341 1468 400 1513 nec
415 1466 510 1514 eausa
524 1449 737 1531 proscribitur.
772 1468 822 1513 res
846 1468 919 1513 curn
943 1448 1087 1513 sensibus
1104 1449 1271 1513 conferam.
1308 1449 1335 1513 si

190 1554 331 1617 incestus
348 1554 524 1637 opponitur,
547 1553 665 1617 ibidem
681 1554 739 1617 erit
756 1556 787 1617 et
807 1552 944 1617 Inflatus
991 1571 1066 1617 sane
1089 1554 1134 1616 rei
1156 1553 1235 1617 ratio
1259 1553 1334 1616 satis
1364 1582 1388 1617 10

163 1654 340 1738 babetur,
371 1676 443 1721 cum
473 1657 601 1721 inflatus
623 1658 793 1740 increpitus
818 1661 880 1738 est,
911 1658 1048 1722 incestus
1071 1674 1145 1721 uero
1169 1658 1335 1721 damnatus

190 1766 250 1827 cst.
309 1762 417 1827 inflato
451 1763 637 1846 ignoscitur,
673 1763 727 1826 sed
762 1762 929 1844 increpIt03
963 1763 1083 1826 Incesta
1118 1780 1180 1826 non
1213 1762 1336 1825 uidetur

190 1866 350 1950 ignotum,
381 1869 417 1930 ut
446 1867 603 1931 damnato.
651 1866 677 1930 si
708 1866 736 1931 ei
765 1866 1001 1951 ignoscebatur,
1033 1867 1082 1930 cui
1112 1867 1271 1930 deuoratio
1300 1886 1335 1929 ex

191 1989 332 2036 maerore
363 1970 458 2034 nimio
481 1970 666 2051 timebatur,
698 1972 841 2035 deuorari
864 1971 967 2036 adhuc
989 1971 1158 2054 increpitus
1181 1971 1336 2054 periclita-

190 2076 285 2140 batur
300 2075 446 2140 deficiens
466 2076 504 2139 ob
522 2076 797 2139 comminationem
815 2079 845 2139 et
861 2094 1004 2140 maerens
1022 2076 1060 2139 ob
1076 2076 1335 2158 increpationem
1364 2100 1388 2139 15

191 2180 362 2244 damnatus
393 2199 466 2245 nero
497 2184 530 2244 et
559 2180 652 2262 culpa
682 2183 712 2243 et
743 2180 901 2243 sententia
928 2180 991 2243 lam
1015 2180 1182 2243 decoratus
1206 2180 1336 2261 deputa-

190 2283 294 2364 batur,
318 2285 371 2365 qui
393 2302 455 2349 non
478 2304 619 2349 maerere
642 2284 782 2364 haberet,
806 2284 860 2347 sed
883 2284 949 2365 pati
971 2284 1053 2366 quod
1069 2288 1141 2348 ante
1156 2284 1334 2366 passionem

190 2406 331 2452 maerere
354 2389 515 2471 potuisset.
563 2390 589 2453 si
611 2390 725 2453 idcirco
749 2388 986 2472 ignoscebatur,
1017 2408 1056 2452 ne
1078 2389 1295 2452 fraudaremur
1319 2408 1337 2451 1

190 2494 314 2572 satana,
336 2493 368 2555 in
392 2510 427 2556 eo
450 2493 559 2574 utIque
583 2492 805 2556 detrimentum
828 2492 1075 2575 praecanebatm'
1098 2493 1179 2575 quod
1196 2493 1335 2557 nondum

190 2596 333 2679 perisset.
380 2596 457 2660 nihil
486 2597 523 2660 de
551 2600 709 2661 transacto
732 2600 947 2680 praecauetur,
972 2597 1026 2659 sed
1050 2597 1087 2660 de
1112 2597 1212 2660 adhuc
1236 2598 1332 2661 saluo.
1362 2622 1387 2661 1ο

190 2702 360 2765 damnatus
384 2704 490 2764 autem
514 2704 546 2764 11
569 2700 695 2782 quidem
719 2702 751 2764 in
773 2702 1005 2784 possessionem
1029 2704 1158 2765 satanae
1181 2702 1244 2765 lam
1261 2704 1335 2765 tunc

191 2806 328 2889 perierat
351 2806 510 2886 ecclesiae,
539 2823 611 2869 cum
634 2805 698 2869 tale
720 2806 842 2869 facinus
866 2806 1045 2885 admtserat,
1069 2806 1184 2869 nedum
1208 2824 1279 2869 cum
1304 2809 1335 2870 et

193 2909 233 2973 ab
265 2910 333 2992 ipsa
363 2908 547 2975 eierabatur.
602 2910 755 2991 quomodo
789 2913 949 2974 uereretur
982 2910 1125 2973 fraudem
1159 2910 1223 2992 pati
1258 2910 1335 2990 elus,

193 3033 288 3095 quem
315 3015 380 3078 iam
403 3018 435 3079 et
458 3018 600 3097 ereptum
623 3014 772 3078 amiserat
795 3018 826 3078 et
849 3014 1033 3078 damnatum
1056 3012 1172 3078 habere
1196 3031 1257 3077 non
1281 3032 1336 3096 po-

192 3121 319 3182 tuerat?
352 3122 519 3200 postremo,
544 3119 616 3200 quid
634 3119 769 3182 iudicem
792 3118 954 3201 indulgere
970 3119 1144 3197 conueniet,
1168 3118 1251 3199 quod
1265 3136 1336 3201 pro·
1362 3144 1388 3182 aa
1428 3186 1431 3192 ,

192 3223 388 3287 nuntiatione
422 3223 570 3287 deciderit
604 3241 643 3287 an
677 3225 760 3304 qnod
789 3223 1026 3287 interlocutione
1058 3222 1270 3305 suspenderit,
1305 3225 1336 3285 et

192 3327 301 3409 utique
329 3346 400 3391 eum
423 3327 567 3407 iudicem,
600 3327 653 3408 qui
684 3345 745 3391 non
777 3328 856 3392 solet
884 3345 920 3390 ea
943 3345 1020 3408 quae
1043 3327 1196 3391 destruunt
1218 3327 1337 3391 reaedi-

192 3432 298 3511 ficare,
322 3450 360 3494 ne
384 3435 596 3513 transgressor
615 3430 789 3495 habeatur?
824 3449 881 3515 age
905 3431 979 3510 iarn,
1004 3431 1030 3493 si
1046 3448 1108 3494 non
1124 3434 1171 3495 tot
1186 3449 1335 3513 personas

191 3536 297 3619 prima
319 3536 450 3618 epistola
472 3536 697 3616 contristasset,
721 3536 747 3599 si
763 3538 921 3600 neminem
937 3536 1153 3618 increpuisset,
1177 3536 1335 3599 neminem

193 3641 372 3720 terruisset,
397 3641 422 3703 si
446 3641 548 3704 solum
571 3640 726 3704 incestum
750 3640 926 3719 cecidisset,
959 3641 983 3703 si
1007 3640 1129 3704 nullum
1152 3640 1185 3703 in
1208 3658 1336 3703 causam
1363 3667 1388 3705 sc

194 3745 261 3809 eins
284 3730 317 3808 in
339 3762 489 3827 pauorem
504 3744 653 3825 misisset,
676 3744 820 3808 inflatum
837 3747 1079 3825 consternasset,
1103 3762 1206 3809 nonne
1223 3744 1335 3808 melius

237 3955 254 4007 2
268 3953 352 4021 prius
370 3966 451 4019 quam
473 3952 539 4007 Urs:
556 3966 609 4019 qua
626 3953 654 4005 B
706 3953 723 4005 4
741 3967 794 4019 qua
813 3950 958 4005 damnabat
974 3952 1087 4020 serapti:
1105 3966 1207 4019 quaque
1226 3951 1336 4004 damna-

192 4039 241 4092 bat
252 4041 280 4093 B
333 4041 350 4093 6
367 4038 475 4107 plagam
493 4036 566 4102 abiit,
585 4036 630 4091 ille
646 4044 708 4093 uate
724 4040 869 4106 Uraiaum;
886 4040 1013 4094 lucabum
1024 4039 1149 4107 atpauua'3
1161 4037 1241 4091 rediit
1253 4039 1335 4093 iater-

193 4128 262 4181 cidit
272 4129 336 4196 sort.
385 4126 550 4182 8iterantur
566 4126 705 4181 crateae.-
722 4125 890 4181 iterantBG
934 4124 1041 4177 ueniam
1058 4126 1109 4180 Ura
1157 4124 1188 4178 fit
1205 4124 1233 4193 0,
1253 4125 1287 4177 sit
1301 4126 1335 4188 B,

192 4213 232 4266 sic
253 4214 305 4269 Urs
371 4215 403 4267 10
422 4212 459 4265 rei
477 4212 545 4265 ratio
563 4214 648 4267 Pam.-
665 4211 748 4265 reatio
770 4214 806 4281 B,
829 4212 922 4265 relatio
945 4214 996 4268 Urs
1067 4214 1099 4266 12
1121 4211 1221 4265 incesto
1244 4212 1272 4278 Ο,
1295 4212 1336 4265 in-

192 4302 281 4353 cestus
298 4301 326 4353 B
381 4301 413 4354 15
431 4314 551 4351 maerens
571 4300 634 4354 Gal:
651 4298 778 4351 moeroris
796 4301 824 4354 B
876 4302 910 4354 20
928 4301 1062 4352 transacto
1084 4300 1145 4354 Gal:
1164 4300 1336 4352 transactaB

194 4388 227 4442 ‘27
252 4403 312 4439 aum
333 4384 449 4440 iudIcem
465 4386 528 4441 Gel:
545 4401 605 4439 cmn
624 4384 769 4441 indiceB'
803 4384 1336 4454 301111111111111111111111111
