3200 5034
608 454 640 510 X.
659 455 703 509 De
721 454 828 509 anima
847 458 869 510 1.
1043 465 1046 472 '
1244 455 1308 519 299

167 633 306 696 interest.
346 631 420 713 quid
448 632 533 696 enim
555 631 673 713 liquido
696 635 820 714 saperet
843 631 948 696 anima
969 633 1045 695 tunc
1068 630 1214 712 Socratis,
1244 632 1308 695 iam

168 754 255 800 sacro
277 736 404 820 nauigio
426 754 579 821 regresso,
601 736 666 800 iam
689 736 798 800 cicutis
823 735 1030 799 damnationis
1051 735 1220 815 exhaustis,
1244 735 1308 799 iam

167 843 267 904 morte
289 844 453 924 praesente
476 842 584 922 utique
605 844 804 904 consternata
826 840 864 904 ad
885 840 1021 922 aliquem
1041 843 1173 920 motum,
1197 858 1308 904 secun-

167 944 243 1008 dnm
258 948 413 1025 naturam,
437 949 491 1010 aut
507 949 676 1026 externata,
701 945 727 1009 si
743 963 806 1009 non
822 944 993 1008 secundnm
1010 946 1177 1007 naturam?
1201 962 1308 1026 quam-

166 1050 216 1113 uis
246 1049 331 1113 enim
360 1049 482 1131 placida
505 1053 599 1131 atque
622 1049 801 1131 tranquilla,
832 1066 927 1130 quam
957 1066 1015 1112 nec
1045 1048 1185 1131 coniugis
1215 1047 1307 1113 fletus
1346 1075 1360 1114 e

167 1154 277 1218 statim
300 1153 413 1219 uiduae
436 1172 493 1218 nec
515 1153 685 1218 liberorum
708 1156 892 1236 conspectus
910 1151 1018 1216 exinde
1034 1152 1223 1235 pupillorum
1238 1152 1307 1236 lege

164 1258 293 1340 pietatis
315 1256 485 1338 inflexerat,
507 1259 559 1322 uel
581 1258 613 1322 in
636 1258 694 1322 hoc
716 1260 825 1322 tamen
848 1260 942 1336 mota,
966 1275 1005 1320 ne
1028 1259 1216 1336 moueretur,
1240 1257 1308 1340 ipsa

166 1362 343 1427 constantia
372 1379 524 1426 concussa
554 1365 602 1426 est
632 1362 782 1426 aduersus
810 1361 1037 1425 inconstantiae
1060 1361 1305 1424 concussionem.

166 1466 242 1548 quid
264 1468 371 1529 autem
394 1465 479 1529 aliud
501 1469 626 1548 saperet
647 1466 696 1529 uir
720 1464 850 1548 quilibet
871 1464 986 1529 iniuria
1001 1465 1169 1529 damnatus
1184 1467 1308 1546 praeter

166 1570 297 1650 iniuriae
320 1570 481 1634 solamen?
519 1570 635 1633 nedum
657 1570 874 1653 philosophus,
896 1569 1013 1653 gloriae
1034 1569 1160 1649 animal,
1184 1569 1235 1632 cui
1250 1588 1307 1632 nee
1334 1596 1360 1635 10

126 1691 130 1698 ·
165 1674 357 1738 consolanda
386 1677 435 1738 est
463 1673 586 1755 iniuria,
620 1674 676 1738 sed
705 1674 810 1756 potius
842 1673 1031 1737 insultanda.
1070 1672 1203 1754 denique
1236 1677 1308 1755 post

166 1778 356 1843 sententiam
379 1778 489 1842 obuiae
520 1779 643 1861 coniugi
674 1781 706 1842 et
735 1777 931 1842 muliebriter
960 1777 1160 1842 inclamanti:
1191 1777 1306 1841 iniuste

166 1883 333 1947 damnatus
364 1902 397 1946 es
427 1881 584 1947 Socrates!
619 1882 682 1946 iam
717 1886 749 1946 et
778 1882 817 1945 de
848 1881 1057 1964 gratulatione
1086 1881 1305 1964 responderat:

165 1987 295 2051 uolebas
326 1990 433 2051 autem
462 1988 566 2051 iuste?
600 2004 661 2068 quo
690 1986 770 2049 nihil
800 1985 989 2066 mirandum,
1020 1985 1047 2049 si
1074 1985 1160 2049 etin
1183 2002 1306 2049 carcere

164 2091 335 2156 inuisoatas
358 2090 456 2174 Anyti
479 2094 511 2154 et
532 2090 633 2154 Meliti
656 2090 778 2173 palmas
801 2090 897 2173 gestit
918 2090 1087 2173 infringere
1114 2090 1183 2172 ipsa
1206 2091 1306 2154 morte
1334 2116 1359 2156 15

165 2212 271 2259 coram
294 2196 564 2259 immortalitatem
586 2194 749 2258 uindicans
773 2194 897 2258 animae
921 2193 1097 2258 necessaria
1122 2211 1307 2276 praesump-

164 2300 251 2364 tione
273 2300 312 2364 ad
334 2300 466 2364 iniuriae
488 2299 734 2364 frustrationem.
774 2299 852 2362 adeo
875 2298 977 2363 omnis
993 2299 1047 2362 illa
1062 2301 1138 2362 tunc
1154 2298 1307 2381 sapientia

165 2402 302 2468 Socratis
326 2403 363 2467 de
387 2404 540 2468 industria
562 2406 693 2468 uenerat
716 2403 878 2467 consultae
901 2402 1165 2484 acquanimitatis,
1189 2420 1252 2465 non
1268 2402 1305 2466 de

164 2507 280 2572 fiducia
309 2511 486 2591 compertae
515 2508 667 2572 ueritatis.
706 2509 755 2571 cui
786 2507 872 2572 'enirn
901 2507 1018 2572 ueritas
1049 2510 1208 2590 comperta
1239 2507 1306 2570 sine

166 2612 245 2677 deo?
279 2613 428 2676 euidens
452 2613 596 2696 cognitus
620 2612 686 2676 sine
709 2612 856 2677 Christo?
890 2612 939 2675 cui
963 2610 1106 2676 Christus
1130 2611 1305 2694 exploratus
1332 2639 1359 2678 ro

165 2717 235 2780 sine
258 2717 369 2798 spiritu
393 2719 523 2781 sancto?
558 2717 608 2780 cui
637 2717 766 2800 spiritus
797 2719 925 2780 sanctus
956 2716 1210 2780 accommodatus
1238 2715 1305 2778 sine

164 2819 239 2884 fidei
254 2824 472 2886 sacramento?
495 2839 570 2885 sane
583 2820 724 2886 Socrates
739 2821 863 2886 facilius
881 2822 1001 2886 diuerso
1018 2821 1127 2903 spiritu
1144 2819 1303 2903 agebatur.

164 2924 320 3006 siquidem
344 2926 431 2989 aiunt
453 2924 653 2989 daemonium
675 2925 721 2989 illi
745 2943 763 2989 a
785 2943 881 3008 puero
913 2924 1101 3004 adhaesisse,
1131 2924 1304 3006 pessimum

162 3047 274 3093 reuera
295 3029 523 3113 paedagogum,
547 3030 607 3093 etsi
629 3033 701 3113 post
723 3030 796 3094 deos
814 3033 932 3095 etcum
949 3029 1013 3094 deis
1029 3029 1193 3093 daemonia
1209 3029 1305 3111 depu-

163 3135 271 3197 tantur
293 3152 390 3216 penes
412 3137 521 3215 poetas
545 3137 577 3197 et
598 3133 810 3217 philosophos.
849 3135 989 3198 nondum
1009 3133 1094 3197 enim
1110 3132 1304 3196 Christianae
1331 3157 1357 3196 25

161 3238 326 3319 potestatis
359 3238 548 3302 documenta
575 3242 803 3320 processerant,
834 3257 914 3320 quae
944 3239 1010 3302 uim
1037 3238 1131 3302 istam
1154 3237 1305 3320 pernicio-

163 3341 323 3404 sissimam
347 3359 404 3405 nec
430 3360 580 3422 umquam
602 3342 719 3407 bonam
742 3342 852 3425 atquin
876 3343 976 3407 onmis
1001 3342 1112 3406 erroris
1140 3341 1304 3420 artificem,

163 3445 265 3508 omnis
287 3445 430 3509 ueritatis
446 3447 655 3510 auocatricem
671 3448 738 3511 sola
752 3447 896 3511 traducit.
914 3425 1038 3528 'quodsi
1053 3446 1164 3509 idcirco
1181 3445 1305 3528 sapien-

163 3549 305 3613 tissimus
329 3548 470 3615 Socrates
494 3550 666 3615 secundum
681 3551 787 3634 Pythii
806 3569 927 3632 quoque
943 3550 1103 3615 daemonis
1120 3549 1303 3634 suffragium

206 3793 223 3846 3
242 3792 346 3845 motum
364 3793 434 3846 Lat:
451 3791 561 3846 modum
580 3795 608 3847 Β
664 3795 681 3847 4
699 3794 835 3847 externata
852 3794 922 3862 Rip:
939 3796 1076 3847 externum
1094 3793 1123 3847 Β
1179 3794 1304 3846 naturam

164 3880 230 3934 Ger.-
247 3881 418 3933 coneternata
434 3880 463 3934 Β
516 3882 549 3934 13
567 3896 594 3932 es
615 3881 677 3935 Gal:
696 3881 737 3933 cat
754 3881 781 3934 Β
839 3879 1030 3948 gratulatione]
1049 3879 1184 3932 Socratica
1202 3879 1304 3932 ratione

161 3970 235 4035 sert,
254 3968 342 4033 grotta
354 3965 533 4029 simlulatione
546 3968 691 4022 Harteb'us
746 3968 779 4022 14
797 3982 849 4034 qno
862 3967 911 4022 det.
928 3968 977 4022 Ger
1032 3970 1063 4022 15
1082 3966 1226 4019 inuiscatas
1241 3967 1304 4021 Get:

162 4053 191 4106 in
213 4056 241 4107 te
263 4051 407 4105 inuiscatas
429 4055 464 4121 B,
488 4053 658 4107 lemniscatas
680 4054 745 4120 Lat,
770 4055 797 4106 et
819 4053 898 4114 inte<r
920 4053 1037 4115 uincula>
1060 4052 1204 4106 inuiscatas
1227 4054 1303 4107 Hor-

162 4141 242 4195 tela'us
295 4138 378 4206 gestit
394 4141 506 4208 scripsi:
523 4140 607 4207 gestio
625 4141 661 4209 B,
679 4140 795 4208 gestiens
814 4141 893 4210 Bmp,
914 4140 964 4195 Get
1023 4143 1055 4196 16
1073 4138 1303 4193 immortalitatem

162 4226 303 4280 uindicans
321 4224 425 4279 animae
440 4227 504 4281 Gal:
520 4227 712 4280 immortaltem
730 4226 871 4280 uindicans
890 4227 1006 4280 animam
1018 4228 1053 4290 B,
1072 4225 1303 4280 immortalitatem

162 4311 284 4366 uindicat
296 4311 401 4366 animae
413 4314 478 4380 Lot,
490 4313 671 4367 immortalem
683 4313 823 4368 uindicans
836 4314 953 4368 animam
966 4315 1110 4370 Heraclius
1163 4315 1196 4368 27
1210 4314 1303 4382 atquin

163 4399 250 4452 omnis
272 4398 412 4454 Oebleraee:
430 4400 504 4467 atqui
521 4400 638 4454 hominis
656 4401 692 4469 B,
711 4400 815 4468 antiqui
832 4401 889 4455 Lat
