<?xml version="1.0" encoding="UTF-8"?>
<!DOCTYPE html PUBLIC "-//W3C//DTD XHTML 1.0 Transitional//EN"
    "http://www.w3.org/TR/xhtml1/DTD/xhtml1-transitional.dtd">
<html xmlns="http://www.w3.org/1999/xhtml" xml:lang="en" lang="en">
 <head>
  <title>
</title>
<meta http-equiv="Content-Type" content="text/html;charset=utf-8" />
  <meta name='ocr-system' content='tesseract 3.04.00' />
  <meta name='ocr-capabilities' content='ocr_page ocr_carea ocr_par ocr_line ocrx_word'/>
</head>
<body>
  <div class='ocr_page' id='page_1' title='image "./corpusscriptoru24wissgoog_0233.png"; bbox 0 0 3200 5034; ppageno 0'>
   <div class='ocr_carea' id='block_1_1' title="bbox 294 445 1204 516">
    <p class='ocr_par' dir='ltr' id='par_1_1' title="bbox 294 445 1204 516">
     <span class='ocr_line' id='line_1_1' title="bbox 294 445 1204 516; baseline -0.013 -6"><span class='ocrx_word' id='word_1_1' title='bbox 294 447 358 510; x_wconf 77' lang='lat'>214</span> <span class='ocrx_word' id='word_1_2' title='bbox 527 446 641 513; x_wconf 80' lang='lat' dir='ltr'>Quinti</span> <span class='ocrx_word' id='word_1_3' title='bbox 660 446 799 516; x_wconf 80' lang='lat' dir='ltr'>Septimi</span> <span class='ocrx_word' id='word_1_4' title='bbox 817 446 986 500; x_wconf 80' lang='lat' dir='ltr'>Florentis</span> <span class='ocrx_word' id='word_1_5' title='bbox 1005 445 1204 500; x_wconf 75' lang='lat' dir='ltr'>Tertulliani</span> 
     </span>
    </p>
   </div>
   <div class='ocr_carea' id='block_1_2' title="bbox 214 621 1434 3820">
    <p class='ocr_par' dir='ltr' id='par_1_2' title="bbox 214 621 1434 3820">
     <span class='ocr_line' id='line_1_2' title="bbox 293 621 1434 706; baseline -0.002 -19"><span class='ocrx_word' id='word_1_6' title='bbox 293 622 594 689; x_wconf 76' lang='lat' dir='ltr'>communicationis.</span> <span class='ocrx_word' id='word_1_7' title='bbox 633 641 695 687; x_wconf 91' lang='lat' dir='ltr'>non</span> <span class='ocrx_word' id='word_1_8' title='bbox 718 623 816 688; x_wconf 92' lang='lat' dir='ltr'>debeo</span> <span class='ocrx_word' id='word_1_9' title='bbox 839 623 873 687; x_wconf 90' lang='lat' dir='ltr'>in</span> <span class='ocrx_word' id='word_1_10' title='bbox 895 622 957 687; x_wconf 94' lang='lat' dir='ltr'>illis</span> <span class='ocrx_word' id='word_1_11' title='bbox 981 640 1167 706; x_wconf 84' lang='lat' dir='ltr'>cognoscere</span> <span class='ocrx_word' id='word_1_12' title='bbox 1189 623 1272 705; x_wconf 90' lang='lat' dir='ltr'>quod</span> <span class='ocrx_word' id='word_1_13' title='bbox 1295 621 1371 685; x_wconf 90' lang='lat' dir='ltr'>mihi</span> <span class='ocrx_word' id='word_1_14' title='bbox 1386 624 1434 685; x_wconf 90' lang='lat' dir='ltr'>est</span> 
     </span>
     <span class='ocr_line' id='line_1_3' title="bbox 293 726 1432 809; baseline -0.002 -17"><span class='ocrx_word' id='word_1_15' title='bbox 293 730 505 809; x_wconf 88' lang='lat' dir='ltr'>praeceptum,</span> <span class='ocrx_word' id='word_1_16' title='bbox 536 729 692 809; x_wconf 90' lang='lat' dir='ltr'>quianon</span> <span class='ocrx_word' id='word_1_17' title='bbox 715 728 799 791; x_wconf 91' lang='lat' dir='ltr'>idem</span> <span class='ocrx_word' id='word_1_18' title='bbox 822 728 899 791; x_wconf 92' lang='lat' dir='ltr'>deus</span> <span class='ocrx_word' id='word_1_19' title='bbox 923 731 971 792; x_wconf 90' lang='lat' dir='ltr'>est</span> <span class='ocrx_word' id='word_1_20' title='bbox 993 726 1084 792; x_wconf 91' lang='lat' dir='ltr'>nobis</span> <span class='ocrx_word' id='word_1_21' title='bbox 1107 729 1139 790; x_wconf 91' lang='lat' dir='ltr'>et</span> <span class='ocrx_word' id='word_1_22' title='bbox 1164 727 1236 807; x_wconf 90' lang='lat' dir='ltr'>illis,</span> <span class='ocrx_word' id='word_1_23' title='bbox 1267 745 1324 790; x_wconf 91' lang='lat' dir='ltr'>nec</span> <span class='ocrx_word' id='word_1_24' title='bbox 1352 744 1432 791; x_wconf 89' lang='lat' dir='ltr'>uuus</span> 
     </span>
     <span class='ocr_line' id='line_1_4' title="bbox 295 830 1433 915; baseline -0.001 -20"><span class='ocrx_word' id='word_1_25' title='bbox 295 830 447 911; x_wconf 80' lang='lat' dir='ltr'>Christus,</span> <span class='ocrx_word' id='word_1_26' title='bbox 471 832 503 895; x_wconf 93' lang='lat' dir='ltr'>id</span> <span class='ocrx_word' id='word_1_27' title='bbox 526 835 575 895; x_wconf 90' lang='lat' dir='ltr'>est</span> <span class='ocrx_word' id='word_1_28' title='bbox 596 831 690 911; x_wconf 87' lang='lat' dir='ltr'>idam,</span> <span class='ocrx_word' id='word_1_29' title='bbox 717 832 848 914; x_wconf 91' lang='lat' dir='ltr'>ideoque</span> <span class='ocrx_word' id='word_1_30' title='bbox 872 850 930 895; x_wconf 89' lang='lat' dir='ltr'>neo</span> <span class='ocrx_word' id='word_1_31' title='bbox 951 831 1129 915; x_wconf 79' lang='lat' dir='ltr'>baptismus</span> <span class='ocrx_word' id='word_1_32' title='bbox 1152 850 1245 911; x_wconf 94' lang='lat' dir='ltr'>unus,</span> <span class='ocrx_word' id='word_1_33' title='bbox 1277 830 1433 913; x_wconf 90' lang='lat' dir='ltr'>quianon</span> 
     </span>
     <span class='ocr_line' id='line_1_5' title="bbox 293 934 1432 1018; baseline 0 -20"><span class='ocrx_word' id='word_1_34' title='bbox 293 935 390 1010; x_wconf 89' lang='lat' dir='ltr'>idem;</span> <span class='ocrx_word' id='word_1_35' title='bbox 422 954 516 1018; x_wconf 90' lang='lat' dir='ltr'>quem</span> <span class='ocrx_word' id='word_1_36' title='bbox 547 954 619 1000; x_wconf 93' lang='lat' dir='ltr'>cum</span> <span class='ocrx_word' id='word_1_37' title='bbox 641 935 701 1000; x_wconf 88' lang='lat' dir='ltr'>rite</span> <span class='ocrx_word' id='word_1_38' title='bbox 723 954 786 1000; x_wconf 92' lang='lat' dir='ltr'>non</span> <span class='ocrx_word' id='word_1_39' title='bbox 813 935 962 1015; x_wconf 84' lang='lat' dir='ltr'>habeant,</span> <span class='ocrx_word' id='word_1_40' title='bbox 995 936 1062 999; x_wconf 91' lang='lat' dir='ltr'>sine</span> <span class='ocrx_word' id='word_1_41' title='bbox 1092 934 1184 999; x_wconf 91' lang='lat' dir='ltr'>dubio</span> <span class='ocrx_word' id='word_1_42' title='bbox 1214 954 1277 1001; x_wconf 91' lang='lat' dir='ltr'>uon</span> <span class='ocrx_word' id='word_1_43' title='bbox 1306 935 1432 1016; x_wconf 88' lang='lat' dir='ltr'>habeut,</span> 
     </span>
     <span class='ocr_line' id='line_1_6' title="bbox 254 1039 1433 1122; baseline -0.003 -16"><span class='ocrx_word' id='word_1_44' title='bbox 254 1067 267 1106; x_wconf 80' lang='lat' dir='ltr'>s</span> <span class='ocrx_word' id='word_1_45' title='bbox 294 1059 351 1105; x_wconf 91' lang='lat' dir='ltr'>neo</span> <span class='ocrx_word' id='word_1_46' title='bbox 374 1040 457 1121; x_wconf 90' lang='lat' dir='ltr'>capit</span> <span class='ocrx_word' id='word_1_47' title='bbox 480 1041 638 1104; x_wconf 88' lang='lat' dir='ltr'>numerari</span> <span class='ocrx_word' id='word_1_48' title='bbox 660 1041 742 1122; x_wconf 91' lang='lat' dir='ltr'>quod</span> <span class='ocrx_word' id='word_1_49' title='bbox 765 1058 828 1104; x_wconf 90' lang='lat' dir='ltr'>non</span> <span class='ocrx_word' id='word_1_50' title='bbox 851 1039 999 1114; x_wconf 87' lang='lat' dir='ltr'>habetur;</span> <span class='ocrx_word' id='word_1_51' title='bbox 1030 1040 1074 1104; x_wconf 88' lang='lat' dir='ltr'>ita</span> <span class='ocrx_word' id='word_1_52' title='bbox 1105 1058 1163 1104; x_wconf 90' lang='lat' dir='ltr'>nec</span> <span class='ocrx_word' id='word_1_53' title='bbox 1192 1044 1326 1121; x_wconf 85' lang='lat' dir='ltr'>possunt</span> <span class='ocrx_word' id='word_1_54' title='bbox 1355 1040 1433 1103; x_wconf 89' lang='lat' dir='ltr'>acci·</span> 
     </span>
     <span class='ocr_line' id='line_1_7' title="bbox 292 1143 1432 1228; baseline -0.001 -20"><span class='ocrx_word' id='word_1_55' title='bbox 292 1165 376 1227; x_wconf 89' lang='lat' dir='ltr'>pere,</span> <span class='ocrx_word' id='word_1_56' title='bbox 399 1144 473 1227; x_wconf 88' lang='lat' dir='ltr'>quia</span> <span class='ocrx_word' id='word_1_57' title='bbox 492 1162 554 1209; x_wconf 91' lang='lat' dir='ltr'>uon</span> <span class='ocrx_word' id='word_1_58' title='bbox 575 1145 703 1209; x_wconf 88' lang='lat' dir='ltr'>habent.</span> <span class='ocrx_word' id='word_1_59' title='bbox 742 1145 797 1209; x_wconf 91' lang='lat' dir='ltr'>sed</span> <span class='ocrx_word' id='word_1_60' title='bbox 814 1145 851 1209; x_wconf 91' lang='lat' dir='ltr'>de</span> <span class='ocrx_word' id='word_1_61' title='bbox 867 1145 927 1209; x_wconf 92' lang='lat' dir='ltr'>isto</span> <span class='ocrx_word' id='word_1_62' title='bbox 943 1145 1066 1228; x_wconf 87' lang='lat' dir='ltr'>plenius</span> <span class='ocrx_word' id='word_1_63' title='bbox 1082 1145 1146 1209; x_wconf 87' lang='lat' dir='ltr'>iam</span> <span class='ocrx_word' id='word_1_64' title='bbox 1162 1144 1252 1210; x_wconf 91' lang='lat' dir='ltr'>nobis</span> <span class='ocrx_word' id='word_1_65' title='bbox 1268 1145 1301 1208; x_wconf 91' lang='lat' dir='ltr'>in</span> <span class='ocrx_word' id='word_1_66' title='bbox 1317 1143 1432 1210; x_wconf 79' lang='lat' dir='ltr'>Graeco</span> 
     </span>
     <span class='ocr_line' id='line_1_8' title="bbox 293 1248 1433 1333; baseline -0.001 -21"><span class='ocrx_word' id='word_1_67' title='bbox 293 1250 451 1333; x_wconf 86' lang='lat' dir='ltr'>digestum</span> <span class='ocrx_word' id='word_1_68' title='bbox 475 1252 532 1313; x_wconf 88' lang='lat' dir='ltr'>est.</span> <span class='ocrx_word' id='word_1_69' title='bbox 572 1250 669 1312; x_wconf 92' lang='lat' dir='ltr'>semel</span> <span class='ocrx_word' id='word_1_70' title='bbox 692 1267 766 1332; x_wconf 85' lang='lat' dir='ltr'>ergo</span> <span class='ocrx_word' id='word_1_71' title='bbox 789 1249 952 1313; x_wconf 83' lang='lat' dir='ltr'>laneorum</span> <span class='ocrx_word' id='word_1_72' title='bbox 975 1249 1101 1329; x_wconf 92' lang='lat' dir='ltr'>inimus,</span> <span class='ocrx_word' id='word_1_73' title='bbox 1131 1250 1229 1313; x_wconf 90' lang='lat' dir='ltr'>semel</span> <span class='ocrx_word' id='word_1_74' title='bbox 1252 1249 1367 1313; x_wconf 88' lang='lat' dir='ltr'>delicta</span> <span class='ocrx_word' id='word_1_75' title='bbox 1388 1248 1433 1311; x_wconf 90' lang='lat' dir='ltr'>di-</span> 
     </span>
     <span class='ocr_line' id='line_1_9' title="bbox 292 1352 1432 1436; baseline -0.002 -19"><span class='ocrx_word' id='word_1_76' title='bbox 292 1354 432 1433; x_wconf 90' lang='lat' dir='ltr'>luuntur,</span> <span class='ocrx_word' id='word_1_77' title='bbox 464 1353 535 1435; x_wconf 92' lang='lat' dir='ltr'>quia</span> <span class='ocrx_word' id='word_1_78' title='bbox 566 1370 603 1416; x_wconf 89' lang='lat' dir='ltr'>ea</span> <span class='ocrx_word' id='word_1_79' title='bbox 624 1353 731 1417; x_wconf 90' lang='lat' dir='ltr'>iterari</span> <span class='ocrx_word' id='word_1_80' title='bbox 753 1371 817 1417; x_wconf 89' lang='lat' dir='ltr'>non</span> <span class='ocrx_word' id='word_1_81' title='bbox 847 1356 978 1436; x_wconf 81' lang='lat' dir='ltr'>oportet.</span> <span class='ocrx_word' id='word_1_82' title='bbox 1018 1356 1158 1417; x_wconf 89' lang='lat' dir='ltr'>ceterum</span> <span class='ocrx_word' id='word_1_83' title='bbox 1180 1353 1278 1417; x_wconf 88' lang='lat' dir='ltr'>Israel</span> <span class='ocrx_word' id='word_1_84' title='bbox 1301 1352 1432 1417; x_wconf 87' lang='lat' dir='ltr'>Iudaeus</span> 
     </span>
     <span class='ocr_line' id='line_1_10' title="bbox 292 1456 1432 1541; baseline 0 -20"><span class='ocrx_word' id='word_1_85' title='bbox 292 1458 428 1539; x_wconf 89' lang='lat' dir='ltr'>quotidie</span> <span class='ocrx_word' id='word_1_86' title='bbox 457 1457 558 1537; x_wconf 89' lang='lat' dir='ltr'>lauat,</span> <span class='ocrx_word' id='word_1_87' title='bbox 590 1458 662 1538; x_wconf 89' lang='lat' dir='ltr'>quia</span> <span class='ocrx_word' id='word_1_88' title='bbox 691 1457 829 1539; x_wconf 89' lang='lat' dir='ltr'>quotidie</span> <span class='ocrx_word' id='word_1_89' title='bbox 859 1458 1050 1541; x_wconf 88' lang='lat' dir='ltr'>inquinatur.</span> <span class='ocrx_word' id='word_1_90' title='bbox 1100 1458 1181 1540; x_wconf 91' lang='lat' dir='ltr'>quod</span> <span class='ocrx_word' id='word_1_91' title='bbox 1211 1476 1251 1522; x_wconf 88' lang='lat' dir='ltr'>ne</span> <span class='ocrx_word' id='word_1_92' title='bbox 1281 1458 1314 1521; x_wconf 94' lang='lat' dir='ltr'>in</span> <span class='ocrx_word' id='word_1_93' title='bbox 1344 1456 1432 1522; x_wconf 89' lang='lat' dir='ltr'>nobis</span> 
     </span>
     <span class='ocr_line' id='line_1_11' title="bbox 241 1561 1431 1645; baseline 0.001 -21"><span class='ocrx_word' id='word_1_94' title='bbox 241 1586 266 1624; x_wconf 85' lang='lat'>10</span> <span class='ocrx_word' id='word_1_95' title='bbox 293 1579 416 1643; x_wconf 90' lang='lat' dir='ltr'>quoque</span> <span class='ocrx_word' id='word_1_96' title='bbox 445 1562 650 1641; x_wconf 82' lang='lat' dir='ltr'>factitaretur,</span> <span class='ocrx_word' id='word_1_97' title='bbox 681 1565 846 1645; x_wconf 91' lang='lat' dir='ltr'>propterea</span> <span class='ocrx_word' id='word_1_98' title='bbox 877 1563 914 1626; x_wconf 92' lang='lat' dir='ltr'>de</span> <span class='ocrx_word' id='word_1_99' title='bbox 945 1581 1007 1627; x_wconf 92' lang='lat' dir='ltr'>uno</span> <span class='ocrx_word' id='word_1_100' title='bbox 1037 1563 1162 1627; x_wconf 87' lang='lat' dir='ltr'>lauacro</span> <span class='ocrx_word' id='word_1_101' title='bbox 1191 1561 1354 1626; x_wconf 89' lang='lat' dir='ltr'>definitum</span> <span class='ocrx_word' id='word_1_102' title='bbox 1377 1564 1431 1625; x_wconf 91' lang='lat' dir='ltr'>est.</span> 
     </span>
     <span class='ocr_line' id='line_1_12' title="bbox 291 1664 1432 1749; baseline 0.001 -21"><span class='ocrx_word' id='word_1_103' title='bbox 291 1665 364 1728; x_wconf 85' lang='lat' dir='ltr'>felix</span> <span class='ocrx_word' id='word_1_104' title='bbox 387 1684 477 1746; x_wconf 90' lang='lat' dir='ltr'>aqua,</span> <span class='ocrx_word' id='word_1_105' title='bbox 508 1684 588 1747; x_wconf 88' lang='lat' dir='ltr'>quae</span> <span class='ocrx_word' id='word_1_106' title='bbox 611 1666 710 1729; x_wconf 91' lang='lat' dir='ltr'>semel</span> <span class='ocrx_word' id='word_1_107' title='bbox 733 1664 843 1746; x_wconf 89' lang='lat' dir='ltr'>abluit,</span> <span class='ocrx_word' id='word_1_108' title='bbox 875 1685 953 1748; x_wconf 90' lang='lat' dir='ltr'>quae</span> <span class='ocrx_word' id='word_1_109' title='bbox 976 1665 1109 1730; x_wconf 89' lang='lat' dir='ltr'>ludibrio</span> <span class='ocrx_word' id='word_1_110' title='bbox 1132 1664 1348 1749; x_wconf 91' lang='lat' dir='ltr'>peccatoribus</span> <span class='ocrx_word' id='word_1_111' title='bbox 1372 1683 1432 1729; x_wconf 89' lang='lat' dir='ltr'>nou</span> 
     </span>
     <span class='ocr_line' id='line_1_13' title="bbox 292 1769 1433 1852; baseline 0.002 -21"><span class='ocrx_word' id='word_1_112' title='bbox 292 1771 351 1848; x_wconf 89' lang='lat' dir='ltr'>est,</span> <span class='ocrx_word' id='word_1_113' title='bbox 381 1787 461 1850; x_wconf 89' lang='lat' dir='ltr'>quae</span> <span class='ocrx_word' id='word_1_114' title='bbox 490 1786 553 1833; x_wconf 91' lang='lat' dir='ltr'>non</span> <span class='ocrx_word' id='word_1_115' title='bbox 585 1769 772 1833; x_wconf 83' lang='lat' dir='ltr'>adsiduitate</span> <span class='ocrx_word' id='word_1_116' title='bbox 803 1770 943 1833; x_wconf 89' lang='lat' dir='ltr'>sordium</span> <span class='ocrx_word' id='word_1_117' title='bbox 965 1770 1082 1834; x_wconf 87' lang='lat' dir='ltr'>infecta</span> <span class='ocrx_word' id='word_1_118' title='bbox 1103 1789 1211 1834; x_wconf 90' lang='lat' dir='ltr'>rursus</span> <span class='ocrx_word' id='word_1_119' title='bbox 1243 1788 1320 1852; x_wconf 90' lang='lat' dir='ltr'>quos</span> <span class='ocrx_word' id='word_1_120' title='bbox 1344 1770 1433 1834; x_wconf 88' lang='lat' dir='ltr'>diluit</span> 
     </span>
     <span class='ocr_line' id='line_1_14' title="bbox 292 1872 445 1953; baseline -0.007 -17"><span class='ocrx_word' id='word_1_121' title='bbox 292 1872 445 1953; x_wconf 89' lang='lat' dir='ltr'>inquinat.</span> 
     </span>
     <span class='ocr_line' id='line_1_15' title="bbox 337 1974 1433 2058; baseline 0.006 -22"><span class='ocrx_word' id='word_1_122' title='bbox 337 1974 386 2039; x_wconf 82' lang='lat'>16.</span> <span class='ocrx_word' id='word_1_123' title='bbox 410 1976 469 2039; x_wconf 79' lang='lat' dir='ltr'>list</span> <span class='ocrx_word' id='word_1_124' title='bbox 492 1975 618 2057; x_wconf 89' lang='lat' dir='ltr'>quidem</span> <span class='ocrx_word' id='word_1_125' title='bbox 640 1975 731 2040; x_wconf 92' lang='lat' dir='ltr'>nobis</span> <span class='ocrx_word' id='word_1_126' title='bbox 755 1978 851 2041; x_wconf 92' lang='lat' dir='ltr'>etiarn</span> <span class='ocrx_word' id='word_1_127' title='bbox 875 1978 1048 2042; x_wconf 88' lang='lat' dir='ltr'>secundum</span> <span class='ocrx_word' id='word_1_128' title='bbox 1071 1980 1245 2058; x_wconf 89' lang='lat' dir='ltr'>lauacrum,</span> <span class='ocrx_word' id='word_1_129' title='bbox 1276 1997 1375 2043; x_wconf 90' lang='lat' dir='ltr'>unum</span> <span class='ocrx_word' id='word_1_130' title='bbox 1402 1981 1433 2043; x_wconf 91' lang='lat' dir='ltr'>et</span> 
     </span>
     <span class='ocr_line' id='line_1_16' title="bbox 241 2080 1430 2166; baseline 0.004 -23"><span class='ocrx_word' id='word_1_131' title='bbox 241 2106 265 2146; x_wconf 89' lang='lat'>15</span> <span class='ocrx_word' id='word_1_132' title='bbox 291 2082 405 2161; x_wconf 90' lang='lat' dir='ltr'>ipsum,</span> <span class='ocrx_word' id='word_1_133' title='bbox 441 2080 604 2163; x_wconf 84' lang='lat' dir='ltr'>sauguinis</span> <span class='ocrx_word' id='word_1_134' title='bbox 639 2081 768 2162; x_wconf 89' lang='lat' dir='ltr'>scilicet,</span> <span class='ocrx_word' id='word_1_135' title='bbox 804 2082 842 2146; x_wconf 90' lang='lat' dir='ltr'>da</span> <span class='ocrx_word' id='word_1_136' title='bbox 874 2100 934 2164; x_wconf 91' lang='lat' dir='ltr'>quo</span> <span class='ocrx_word' id='word_1_137' title='bbox 965 2084 1120 2164; x_wconf 90' lang='lat' dir='ltr'>dominus,</span> <span class='ocrx_word' id='word_1_138' title='bbox 1154 2082 1286 2164; x_wconf 89' lang='lat' dir='ltr'>habeo,</span> <span class='ocrx_word' id='word_1_139' title='bbox 1320 2083 1430 2166; x_wconf 89' lang='lat' dir='ltr'>inquit,</span> 
     </span>
     <span class='ocr_line' id='line_1_17' title="bbox 290 2184 1431 2268; baseline 0.004 -21"><span class='ocrx_word' id='word_1_140' title='bbox 290 2185 477 2267; x_wconf 89' lang='lat' dir='ltr'>baptismo</span> <span class='ocrx_word' id='word_1_141' title='bbox 507 2184 645 2268; x_wconf 83' lang='lat' dir='ltr'>tingui,</span> <span class='ocrx_word' id='word_1_142' title='bbox 676 2204 748 2248; x_wconf 91' lang='lat' dir='ltr'>cum</span> <span class='ocrx_word' id='word_1_143' title='bbox 778 2186 843 2250; x_wconf 90' lang='lat' dir='ltr'>iam</span> <span class='ocrx_word' id='word_1_144' title='bbox 874 2187 992 2251; x_wconf 89' lang='lat' dir='ltr'>tinctus</span> <span class='ocrx_word' id='word_1_145' title='bbox 1022 2187 1144 2251; x_wconf 92' lang='lat' dir='ltr'>fuisset.</span> <span class='ocrx_word' id='word_1_146' title='bbox 1188 2192 1320 2253; x_wconf 88' lang='lat' dir='ltr'>uenerat</span> <span class='ocrx_word' id='word_1_147' title='bbox 1350 2188 1431 2252; x_wconf 87' lang='lat' dir='ltr'>enim</span> 
     </span>
     <span class='ocr_line' id='line_1_18' title="bbox 290 2290 1431 2375; baseline 0.004 -24"><span class='ocrx_word' id='word_1_148' title='bbox 290 2307 345 2371; x_wconf 90' lang='lat' dir='ltr'>per</span> <span class='ocrx_word' id='word_1_149' title='bbox 368 2306 481 2370; x_wconf 88' lang='lat' dir='ltr'>aquam</span> <span class='ocrx_word' id='word_1_150' title='bbox 505 2291 537 2351; x_wconf 91' lang='lat' dir='ltr'>et</span> <span class='ocrx_word' id='word_1_151' title='bbox 559 2290 755 2372; x_wconf 83' lang='lat' dir='ltr'>sanguinem,</span> <span class='ocrx_word' id='word_1_152' title='bbox 779 2290 862 2354; x_wconf 91' lang='lat' dir='ltr'>siout</span> <span class='ocrx_word' id='word_1_153' title='bbox 881 2291 1037 2355; x_wconf 89' lang='lat' dir='ltr'>Iohannes</span> <span class='ocrx_word' id='word_1_154' title='bbox 1058 2293 1192 2375; x_wconf 88' lang='lat' dir='ltr'>scripsit,</span> <span class='ocrx_word' id='word_1_155' title='bbox 1216 2295 1253 2356; x_wconf 92' lang='lat' dir='ltr'>ut</span> <span class='ocrx_word' id='word_1_156' title='bbox 1272 2310 1353 2375; x_wconf 88' lang='lat' dir='ltr'>aqua</span> <span class='ocrx_word' id='word_1_157' title='bbox 1371 2294 1431 2355; x_wconf 88' lang='lat' dir='ltr'>tin-</span> 
     </span>
     <span class='ocr_line' id='line_1_19' title="bbox 290 2393 1431 2479; baseline 0.005 -24"><span class='ocrx_word' id='word_1_158' title='bbox 290 2396 447 2476; x_wconf 84' lang='lat' dir='ltr'>gueretur,</span> <span class='ocrx_word' id='word_1_159' title='bbox 472 2394 623 2476; x_wconf 82' lang='lat' dir='ltr'>sanguine</span> <span class='ocrx_word' id='word_1_160' title='bbox 647 2393 881 2477; x_wconf 84' lang='lat' dir='ltr'>glorificaretur,</span> <span class='ocrx_word' id='word_1_161' title='bbox 905 2396 1032 2478; x_wconf 91' lang='lat' dir='ltr'>perinde</span> <span class='ocrx_word' id='word_1_162' title='bbox 1056 2414 1112 2460; x_wconf 94' lang='lat' dir='ltr'>nos</span> <span class='ocrx_word' id='word_1_163' title='bbox 1135 2398 1253 2461; x_wconf 87' lang='lat' dir='ltr'>faceret</span> <span class='ocrx_word' id='word_1_164' title='bbox 1275 2415 1357 2479; x_wconf 87' lang='lat' dir='ltr'>aqua</span> <span class='ocrx_word' id='word_1_165' title='bbox 1378 2415 1431 2461; x_wconf 95' lang='lat' dir='ltr'>uo-</span> 
     </span>
     <span class='ocr_line' id='line_1_20' title="bbox 290 2497 1430 2584; baseline 0.003 -24"><span class='ocrx_word' id='word_1_166' title='bbox 290 2500 387 2577; x_wconf 88' lang='lat' dir='ltr'>catos,</span> <span class='ocrx_word' id='word_1_167' title='bbox 419 2497 570 2579; x_wconf 84' lang='lat' dir='ltr'>sanguine</span> <span class='ocrx_word' id='word_1_168' title='bbox 594 2498 718 2562; x_wconf 88' lang='lat' dir='ltr'>electos.</span> <span class='ocrx_word' id='word_1_169' title='bbox 758 2498 814 2562; x_wconf 92' lang='lat' dir='ltr'>hos</span> <span class='ocrx_word' id='word_1_170' title='bbox 845 2499 922 2563; x_wconf 94' lang='lat' dir='ltr'>duos</span> <span class='ocrx_word' id='word_1_171' title='bbox 952 2499 1125 2583; x_wconf 86' lang='lat' dir='ltr'>baptismos</span> <span class='ocrx_word' id='word_1_172' title='bbox 1149 2501 1187 2564; x_wconf 93' lang='lat' dir='ltr'>do</span> <span class='ocrx_word' id='word_1_173' title='bbox 1209 2502 1340 2565; x_wconf 91' lang='lat' dir='ltr'>uulnere</span> <span class='ocrx_word' id='word_1_174' title='bbox 1362 2519 1430 2584; x_wconf 87' lang='lat' dir='ltr'>per-</span> 
     </span>
     <span class='ocr_line' id='line_1_21' title="bbox 238 2601 1430 2687; baseline 0.005 -23"><span class='ocrx_word' id='word_1_175' title='bbox 238 2626 264 2665; x_wconf 78' lang='lat' dir='ltr'>eo</span> <span class='ocrx_word' id='word_1_176' title='bbox 289 2601 368 2665; x_wconf 91' lang='lat' dir='ltr'>fossi</span> <span class='ocrx_word' id='word_1_177' title='bbox 389 2601 494 2665; x_wconf 88' lang='lat' dir='ltr'>lateris</span> <span class='ocrx_word' id='word_1_178' title='bbox 518 2602 631 2682; x_wconf 91' lang='lat' dir='ltr'>emisit,</span> <span class='ocrx_word' id='word_1_179' title='bbox 657 2605 810 2683; x_wconf 88' lang='lat' dir='ltr'>quatenus</span> <span class='ocrx_word' id='word_1_180' title='bbox 835 2604 941 2685; x_wconf 91' lang='lat' dir='ltr'>quiin</span> <span class='ocrx_word' id='word_1_181' title='bbox 965 2605 1149 2687; x_wconf 84' lang='lat' dir='ltr'>sanguinem</span> <span class='ocrx_word' id='word_1_182' title='bbox 1174 2606 1240 2669; x_wconf 91' lang='lat' dir='ltr'>eius</span> <span class='ocrx_word' id='word_1_183' title='bbox 1260 2605 1430 2685; x_wconf 87' lang='lat' dir='ltr'>crederent,</span> 
     </span>
     <span class='ocr_line' id='line_1_22' title="bbox 291 2706 1427 2793; baseline 0.004 -25"><span class='ocrx_word' id='word_1_184' title='bbox 291 2724 372 2787; x_wconf 89' lang='lat' dir='ltr'>aqua</span> <span class='ocrx_word' id='word_1_185' title='bbox 387 2706 579 2786; x_wconf 89' lang='lat' dir='ltr'>lanarentnr,</span> <span class='ocrx_word' id='word_1_186' title='bbox 602 2707 656 2787; x_wconf 89' lang='lat' dir='ltr'>qui</span> <span class='ocrx_word' id='word_1_187' title='bbox 671 2724 753 2789; x_wconf 90' lang='lat' dir='ltr'>aqua</span> <span class='ocrx_word' id='word_1_188' title='bbox 767 2707 929 2788; x_wconf 88' lang='lat' dir='ltr'>lauissent,</span> <span class='ocrx_word' id='word_1_189' title='bbox 952 2709 1046 2773; x_wconf 89' lang='lat' dir='ltr'>etiam</span> <span class='ocrx_word' id='word_1_190' title='bbox 1063 2710 1248 2793; x_wconf 84' lang='lat' dir='ltr'>sanguinem</span> <span class='ocrx_word' id='word_1_191' title='bbox 1262 2712 1427 2792; x_wconf 86' lang='lat' dir='ltr'>portarent.</span> 
     </span>
     <span class='ocr_line' id='line_1_23' title="bbox 290 2809 1432 2896; baseline 0.005 -25"><span class='ocrx_word' id='word_1_192' title='bbox 290 2809 342 2872; x_wconf 92' lang='lat' dir='ltr'>hic</span> <span class='ocrx_word' id='word_1_193' title='bbox 365 2813 414 2873; x_wconf 88' lang='lat' dir='ltr'>est</span> <span class='ocrx_word' id='word_1_194' title='bbox 435 2810 611 2892; x_wconf 91' lang='lat' dir='ltr'>baptismus</span> <span class='ocrx_word' id='word_1_195' title='bbox 635 2812 688 2891; x_wconf 92' lang='lat' dir='ltr'>qui</span> <span class='ocrx_word' id='word_1_196' title='bbox 710 2811 874 2874; x_wconf 84' lang='lat' dir='ltr'>laneorum</span> <span class='ocrx_word' id='word_1_197' title='bbox 898 2816 929 2875; x_wconf 89' lang='lat' dir='ltr'>et</span> <span class='ocrx_word' id='word_1_198' title='bbox 952 2831 1014 2876; x_wconf 91' lang='lat' dir='ltr'>non</span> <span class='ocrx_word' id='word_1_199' title='bbox 1038 2816 1200 2896; x_wconf 90' lang='lat' dir='ltr'>acceptum</span> <span class='ocrx_word' id='word_1_200' title='bbox 1220 2816 1432 2896; x_wconf 89' lang='lat' dir='ltr'>repraesentat</span> 
     </span>
     <span class='ocr_line' id='line_1_24' title="bbox 291 2913 634 2995; baseline 0 -18"><span class='ocrx_word' id='word_1_201' title='bbox 291 2917 322 2977; x_wconf 89' lang='lat' dir='ltr'>et</span> <span class='ocrx_word' id='word_1_202' title='bbox 343 2913 501 2995; x_wconf 91' lang='lat' dir='ltr'>perditum</span> <span class='ocrx_word' id='word_1_203' title='bbox 523 2915 634 2977; x_wconf 89' lang='lat' dir='ltr'>reddit.</span> 
     </span>
     <span class='ocr_line' id='line_1_25' title="bbox 336 3015 1431 3099; baseline 0.008 -21"><span class='ocrx_word' id='word_1_204' title='bbox 336 3015 385 3080; x_wconf 77' lang='lat'>17.</span> <span class='ocrx_word' id='word_1_205' title='bbox 410 3016 559 3099; x_wconf 84' lang='lat' dir='ltr'>Superest</span> <span class='ocrx_word' id='word_1_206' title='bbox 589 3019 628 3081; x_wconf 90' lang='lat' dir='ltr'>ad</span> <span class='ocrx_word' id='word_1_207' title='bbox 658 3020 906 3083; x_wconf 89' lang='lat' dir='ltr'>concludendam</span> <span class='ocrx_word' id='word_1_208' title='bbox 933 3022 1132 3086; x_wconf 87' lang='lat' dir='ltr'>materiolam</span> <span class='ocrx_word' id='word_1_209' title='bbox 1155 3022 1193 3085; x_wconf 91' lang='lat' dir='ltr'>de</span> <span class='ocrx_word' id='word_1_210' title='bbox 1217 3023 1431 3087; x_wconf 88' lang='lat' dir='ltr'>obseruatione</span> 
     </span>
     <span class='ocr_line' id='line_1_26' title="bbox 238 3121 1432 3207; baseline 0.007 -23"><span class='ocrx_word' id='word_1_211' title='bbox 238 3144 263 3184; x_wconf 78' lang='lat' dir='ltr'>cs</span> <span class='ocrx_word' id='word_1_212' title='bbox 290 3139 413 3203; x_wconf 91' lang='lat' dir='ltr'>quoque</span> <span class='ocrx_word' id='word_1_213' title='bbox 445 3121 538 3184; x_wconf 91' lang='lat' dir='ltr'>dandi</span> <span class='ocrx_word' id='word_1_214' title='bbox 570 3125 601 3186; x_wconf 90' lang='lat' dir='ltr'>et</span> <span class='ocrx_word' id='word_1_215' title='bbox 631 3124 803 3206; x_wconf 89' lang='lat' dir='ltr'>accipiendi</span> <span class='ocrx_word' id='word_1_216' title='bbox 836 3123 985 3207; x_wconf 90' lang='lat' dir='ltr'>baptismi</span> <span class='ocrx_word' id='word_1_217' title='bbox 1019 3127 1295 3191; x_wconf 87' lang='lat' dir='ltr'>commonefacere.</span> <span class='ocrx_word' id='word_1_218' title='bbox 1341 3128 1432 3192; x_wconf 91' lang='lat' dir='ltr'>dandi</span> 
     </span>
     <span class='ocr_line' id='line_1_27' title="bbox 290 3224 1431 3315; baseline 0.007 -28"><span class='ocrx_word' id='word_1_219' title='bbox 290 3225 416 3308; x_wconf 90' lang='lat' dir='ltr'>quidem</span> <span class='ocrx_word' id='word_1_220' title='bbox 439 3224 604 3290; x_wconf 82' lang='lat' dir='ltr'>hebetius</span> <span class='ocrx_word' id='word_1_221' title='bbox 628 3245 771 3292; x_wconf 90' lang='lat' dir='ltr'>summus</span> <span class='ocrx_word' id='word_1_222' title='bbox 795 3229 949 3310; x_wconf 90' lang='lat' dir='ltr'>sacerdos,</span> <span class='ocrx_word' id='word_1_223' title='bbox 974 3231 1027 3312; x_wconf 91' lang='lat' dir='ltr'>qui</span> <span class='ocrx_word' id='word_1_224' title='bbox 1050 3234 1098 3295; x_wconf 91' lang='lat' dir='ltr'>est</span> <span class='ocrx_word' id='word_1_225' title='bbox 1121 3232 1298 3315; x_wconf 88' lang='lat' dir='ltr'>episeopus;</span> <span class='ocrx_word' id='word_1_226' title='bbox 1322 3232 1431 3296; x_wconf 89' lang='lat' dir='ltr'>dehine</span> 
     </span>
     <span class='ocr_line' id='line_1_28' title="bbox 288 3329 1430 3418; baseline 0.007 -27"><span class='ocrx_word' id='word_1_227' title='bbox 288 3329 462 3411; x_wconf 88' lang='lat' dir='ltr'>presbyteri</span> <span class='ocrx_word' id='word_1_228' title='bbox 497 3334 528 3394; x_wconf 92' lang='lat' dir='ltr'>et</span> <span class='ocrx_word' id='word_1_229' title='bbox 561 3330 694 3412; x_wconf 90' lang='lat' dir='ltr'>diaconi,</span> <span class='ocrx_word' id='word_1_230' title='bbox 729 3350 790 3397; x_wconf 91' lang='lat' dir='ltr'>non</span> <span class='ocrx_word' id='word_1_231' title='bbox 825 3336 933 3397; x_wconf 89' lang='lat' dir='ltr'>tamon</span> <span class='ocrx_word' id='word_1_232' title='bbox 968 3334 1033 3397; x_wconf 90' lang='lat' dir='ltr'>sine</span> <span class='ocrx_word' id='word_1_233' title='bbox 1070 3336 1206 3418; x_wconf 88' lang='lat' dir='ltr'>episcopi</span> <span class='ocrx_word' id='word_1_234' title='bbox 1237 3337 1430 3417; x_wconf 87' lang='lat' dir='ltr'>auctoritate,</span> 
     </span>
     <span class='ocr_line' id='line_1_29' title="bbox 288 3434 1432 3523; baseline 0.007 -28"><span class='ocrx_word' id='word_1_235' title='bbox 288 3436 416 3515; x_wconf 89' lang='lat' dir='ltr'>propter</span> <span class='ocrx_word' id='word_1_236' title='bbox 440 3434 588 3498; x_wconf 89' lang='lat' dir='ltr'>ccclesiae</span> <span class='ocrx_word' id='word_1_237' title='bbox 611 3436 772 3517; x_wconf 91' lang='lat' dir='ltr'>honorem,</span> <span class='ocrx_word' id='word_1_238' title='bbox 804 3455 864 3518; x_wconf 91' lang='lat' dir='ltr'>quo</span> <span class='ocrx_word' id='word_1_239' title='bbox 896 3439 982 3502; x_wconf 91' lang='lat' dir='ltr'>saluo</span> <span class='ocrx_word' id='word_1_240' title='bbox 1006 3439 1095 3502; x_wconf 90' lang='lat' dir='ltr'>salua</span> <span class='ocrx_word' id='word_1_241' title='bbox 1117 3457 1177 3521; x_wconf 84' lang='lat' dir='ltr'>pax</span> <span class='ocrx_word' id='word_1_242' title='bbox 1201 3443 1258 3503; x_wconf 90' lang='lat' dir='ltr'>est.</span> <span class='ocrx_word' id='word_1_243' title='bbox 1297 3441 1432 3523; x_wconf 87' lang='lat' dir='ltr'>alioquin</span> 
     </span>
     <span class='ocr_line' id='line_1_30' title="bbox 214 3534 1431 3628; baseline 0.009 -30"><span class='ocrx_word' id='word_1_244' title='bbox 214 3534 217 3544; x_wconf 93' lang='lat'>&#39;</span> <span class='ocrx_word' id='word_1_245' title='bbox 290 3538 385 3600; x_wconf 89' lang='lat' dir='ltr'>etiam</span> <span class='ocrx_word' id='word_1_246' title='bbox 408 3538 496 3601; x_wconf 90' lang='lat' dir='ltr'>laicis</span> <span class='ocrx_word' id='word_1_247' title='bbox 519 3540 567 3602; x_wconf 92' lang='lat' dir='ltr'>ius</span> <span class='ocrx_word' id='word_1_248' title='bbox 592 3543 649 3604; x_wconf 88' lang='lat' dir='ltr'>est.</span> <span class='ocrx_word' id='word_1_249' title='bbox 688 3541 770 3622; x_wconf 93' lang='lat' dir='ltr'>quod</span> <span class='ocrx_word' id='word_1_250' title='bbox 794 3542 879 3605; x_wconf 89' lang='lat' dir='ltr'>enirn</span> <span class='ocrx_word' id='word_1_251' title='bbox 903 3562 939 3605; x_wconf 86' lang='lat' dir='ltr'>ex</span> <span class='ocrx_word' id='word_1_252' title='bbox 962 3561 1061 3626; x_wconf 90' lang='lat' dir='ltr'>aequo</span> <span class='ocrx_word' id='word_1_253' title='bbox 1089 3544 1247 3626; x_wconf 88' lang='lat' dir='ltr'>accipitur,</span> <span class='ocrx_word' id='word_1_254' title='bbox 1277 3564 1313 3607; x_wconf 82' lang='lat' dir='ltr'>er</span> <span class='ocrx_word' id='word_1_255' title='bbox 1336 3564 1431 3628; x_wconf 90' lang='lat' dir='ltr'>aequo</span> 
     </span>
     <span class='ocr_line' id='line_1_31' title="bbox 236 3641 1431 3731; baseline 0.008 -27"><span class='ocrx_word' id='word_1_256' title='bbox 236 3665 263 3705; x_wconf 83' lang='lat' dir='ltr'>eo</span> <span class='ocrx_word' id='word_1_257' title='bbox 289 3641 355 3704; x_wconf 88' lang='lat' dir='ltr'>dari</span> <span class='ocrx_word' id='word_1_258' title='bbox 377 3645 491 3724; x_wconf 88' lang='lat' dir='ltr'>potest.</span> <span class='ocrx_word' id='word_1_259' title='bbox 530 3644 592 3707; x_wconf 90' lang='lat' dir='ltr'>nisi</span> <span class='ocrx_word' id='word_1_260' title='bbox 616 3644 752 3728; x_wconf 90' lang='lat' dir='ltr'>episcopi</span> <span class='ocrx_word' id='word_1_261' title='bbox 774 3646 839 3709; x_wconf 89' lang='lat' dir='ltr'>iarn</span> <span class='ocrx_word' id='word_1_262' title='bbox 863 3649 918 3711; x_wconf 89' lang='lat' dir='ltr'>aut</span> <span class='ocrx_word' id='word_1_263' title='bbox 939 3648 1114 3730; x_wconf 82' lang='lat' dir='ltr'>presbyteri</span> <span class='ocrx_word' id='word_1_264' title='bbox 1138 3652 1192 3712; x_wconf 88' lang='lat' dir='ltr'>aut</span> <span class='ocrx_word' id='word_1_265' title='bbox 1214 3649 1347 3731; x_wconf 89' lang='lat' dir='ltr'>diaconi,</span> <span class='ocrx_word' id='word_1_266' title='bbox 1377 3668 1431 3714; x_wconf 95' lang='lat' dir='ltr'>uo·</span> 
     </span>
     <span class='ocr_line' id='line_1_32' title="bbox 288 3746 1428 3820; baseline 0.01 -13"><span class='ocrx_word' id='word_1_267' title='bbox 288 3748 398 3809; x_wconf 89' lang='lat' dir='ltr'>cantur</span> <span class='ocrx_word' id='word_1_268' title='bbox 430 3746 594 3811; x_wconf 89' lang='lat' dir='ltr'>discentes.</span> <span class='ocrx_word' id='word_1_269' title='bbox 632 3750 751 3813; x_wconf 92' lang='lat' dir='ltr'>domini</span> <span class='ocrx_word' id='word_1_270' title='bbox 781 3769 884 3815; x_wconf 92' lang='lat' dir='ltr'>sermo</span> <span class='ocrx_word' id='word_1_271' title='bbox 912 3770 974 3815; x_wconf 90' lang='lat' dir='ltr'>non</span> <span class='ocrx_word' id='word_1_272' title='bbox 997 3752 1089 3816; x_wconf 90' lang='lat' dir='ltr'>debet</span> <span class='ocrx_word' id='word_1_273' title='bbox 1112 3752 1262 3818; x_wconf 86' lang='lat' dir='ltr'>abscondi</span> <span class='ocrx_word' id='word_1_274' title='bbox 1283 3753 1329 3819; x_wconf 88' lang='lat' dir='ltr'>ab</span> <span class='ocrx_word' id='word_1_275' title='bbox 1356 3756 1428 3820; x_wconf 92' lang='lat' dir='ltr'>ullo.</span> 
     </span>
    </p>
   </div>
   <div class='ocr_carea' id='block_1_3' title="bbox 394 3899 970 3973">
    <p class='ocr_par' dir='ltr' id='par_1_3' title="bbox 394 3899 970 3973">
     <span class='ocr_line' id='line_1_33' title="bbox 394 3899 970 3973; baseline 0.007 -18"><span class='ocrx_word' id='word_1_276' title='bbox 394 3900 437 3969; x_wconf 85' lang='lat'>15]</span> <span class='ocrx_word' id='word_1_277' title='bbox 456 3899 520 3955; x_wconf 74' lang='lat' dir='ltr'>Luc.</span> <span class='ocrx_word' id='word_1_278' title='bbox 535 3904 575 3966; x_wconf 82' lang='lat'>12,</span> <span class='ocrx_word' id='word_1_279' title='bbox 589 3905 630 3957; x_wconf 76' lang='lat' dir='ltr'>ao.</span> <span class='ocrx_word' id='word_1_280' title='bbox 686 3904 729 3973; x_wconf 87' lang='lat' dir='ltr'>ro]</span> <span class='ocrx_word' id='word_1_281' title='bbox 749 3903 782 3958; x_wconf 74' lang='lat' dir='ltr'>er.</span> <span class='ocrx_word' id='word_1_282' title='bbox 805 3907 817 3959; x_wconf 90' lang='lat'>1</span> <span class='ocrx_word' id='word_1_283' title='bbox 837 3905 894 3959; x_wconf 90' lang='lat' dir='ltr'>Ioh.</span> <span class='ocrx_word' id='word_1_284' title='bbox 908 3909 932 3971; x_wconf 81' lang='lat' dir='ltr'>s,</span> <span class='ocrx_word' id='word_1_285' title='bbox 946 3908 970 3960; x_wconf 87' lang='lat' dir='ltr'>a.</span> 
     </span>
    </p>
   </div>
   <div class='ocr_carea' id='block_1_4' title="bbox 285 4042 1431 4442">
    <p class='ocr_par' dir='ltr' id='par_1_4' title="bbox 285 4042 1431 4442">
     <span class='ocr_line' id='line_1_34' title="bbox 331 4042 1430 4108; baseline 0.008 -13"><span class='ocrx_word' id='word_1_286' title='bbox 331 4042 344 4095; x_wconf 95' lang='lat' dir='ltr'>l</span> <span class='ocrx_word' id='word_1_287' title='bbox 379 4055 520 4108; x_wconf 81' lang='lat' dir='ltr'>agnoscere</span> <span class='ocrx_word' id='word_1_288' title='bbox 554 4042 688 4097; x_wconf 72' lang='lat' dir='ltr'>Semissos</span> <span class='ocrx_word' id='word_1_289' title='bbox 768 4047 784 4100; x_wconf 91' lang='lat'>8</span> <span class='ocrx_word' id='word_1_290' title='bbox 816 4042 931 4097; x_wconf 90' lang='lat' dir='ltr'>Iudaeus</span> <span class='ocrx_word' id='word_1_291' title='bbox 963 4046 1105 4100; x_wconf 55' lang='lat' dir='ltr'>blandum</span> <span class='ocrx_word' id='word_1_292' title='bbox 1137 4054 1222 4102; x_wconf 81' lang='lat' dir='ltr'>causet</span> <span class='ocrx_word' id='word_1_293' title='bbox 1254 4048 1430 4105; x_wconf 82' lang='lat' dir='ltr'>Hcruucioios</span> 
     </span>
     <span class='ocr_line' id='line_1_35' title="bbox 288 4125 1430 4203; baseline 0.009 -23"><span class='ocrx_word' id='word_1_294' title='bbox 288 4127 320 4180; x_wconf 90' lang='lat'>18</span> <span class='ocrx_word' id='word_1_295' title='bbox 338 4125 448 4193; x_wconf 88' lang='lat' dir='ltr'>perinde</span> <span class='ocrx_word' id='word_1_296' title='bbox 469 4127 582 4195; x_wconf 81' lang='lat' dir='ltr'>scripsi:</span> <span class='ocrx_word' id='word_1_297' title='bbox 598 4126 710 4195; x_wconf 88' lang='lat' dir='ltr'>proinde</span> <span class='ocrx_word' id='word_1_298' title='bbox 729 4130 756 4181; x_wconf 94' lang='lat' dir='ltr'><em>B</em></span> <span class='ocrx_word' id='word_1_299' title='bbox 834 4131 865 4183; x_wconf 92' lang='lat' dir='ltr'>ut</span> <span class='ocrx_word' id='word_1_300' title='bbox 888 4146 935 4183; x_wconf 88' lang='lat' dir='ltr'>nos</span> <span class='ocrx_word' id='word_1_301' title='bbox 958 4131 1015 4185; x_wconf 85' lang='lat' dir='ltr'>Lat</span> <span class='ocrx_word' id='word_1_302' title='bbox 1085 4130 1185 4186; x_wconf 87' lang='lat' dir='ltr'>facerat</span> <span class='ocrx_word' id='word_1_303' title='bbox 1206 4134 1276 4188; x_wconf 81' lang='lat' dir='ltr'>Lot:</span> <span class='ocrx_word' id='word_1_304' title='bbox 1292 4133 1383 4203; x_wconf 23' lang='lat' dir='ltr'>,facere</span> <span class='ocrx_word' id='word_1_305' title='bbox 1404 4137 1430 4190; x_wconf 90' lang='lat' dir='ltr'><em>B</em></span> 
     </span>
     <span class='ocr_line' id='line_1_36' title="bbox 287 4212 1431 4292; baseline 0.007 -27"><span class='ocrx_word' id='word_1_306' title='bbox 287 4213 321 4265; x_wconf 85' lang='lat'>20</span> <span class='ocrx_word' id='word_1_307' title='bbox 339 4212 430 4265; x_wconf 90' lang='lat' dir='ltr'>omisit</span> <span class='ocrx_word' id='word_1_308' title='bbox 448 4212 510 4279; x_wconf 88' lang='lat' dir='ltr'>quia</span> <span class='ocrx_word' id='word_1_309' title='bbox 528 4213 573 4280; x_wconf 86' lang='lat' dir='ltr'>qui</span> <span class='ocrx_word' id='word_1_310' title='bbox 591 4214 648 4292; x_wconf 79' lang='lat' dir='ltr'>Lot</span> <span class='ocrx_word' id='word_1_311' title='bbox 712 4218 743 4269; x_wconf 82' lang='lat'>21</span> <span class='ocrx_word' id='word_1_312' title='bbox 764 4216 892 4284; x_wconf 83' lang='lat' dir='ltr'>sanguine</span> <span class='ocrx_word' id='word_1_313' title='bbox 910 4219 973 4285; x_wconf 80' lang='lat' dir='ltr'>fort.</span> <span class='ocrx_word' id='word_1_314' title='bbox 1046 4221 1172 4287; x_wconf 90' lang='lat' dir='ltr'>potarent</span> <span class='ocrx_word' id='word_1_315' title='bbox 1190 4221 1248 4289; x_wconf 79' lang='lat' dir='ltr'>Gai,</span> <span class='ocrx_word' id='word_1_316' title='bbox 1266 4222 1431 4291; x_wconf 87' lang='lat' dir='ltr'>postularent</span> 
     </span>
     <span class='ocr_line' id='line_1_37' title="bbox 285 4298 1429 4367; baseline 0.009 -15"><span class='ocrx_word' id='word_1_317' title='bbox 285 4300 349 4365; x_wconf 74' lang='lat' dir='ltr'>soar.</span> <span class='ocrx_word' id='word_1_318' title='bbox 404 4300 437 4353; x_wconf 83' lang='lat'>25</span> <span class='ocrx_word' id='word_1_319' title='bbox 460 4298 624 4367; x_wconf 88' lang='lat' dir='ltr'>baptismum</span> <span class='ocrx_word' id='word_1_320' title='bbox 651 4301 701 4355; x_wconf 81' lang='lat' dir='ltr'>Get</span> <span class='ocrx_word' id='word_1_321' title='bbox 753 4304 787 4357; x_wconf 86' lang='lat'>30</span> <span class='ocrx_word' id='word_1_322' title='bbox 811 4306 971 4357; x_wconf 86' lang='lat' dir='ltr'>uocarentur</span> <span class='ocrx_word' id='word_1_323' title='bbox 989 4305 1045 4359; x_wconf 83' lang='lat' dir='ltr'>Lat</span> <span class='ocrx_word' id='word_1_324' title='bbox 1099 4307 1130 4361; x_wconf 88' lang='lat'>31</span> <span class='ocrx_word' id='word_1_325' title='bbox 1152 4305 1282 4361; x_wconf 86' lang='lat' dir='ltr'>discentes</span> <span class='ocrx_word' id='word_1_326' title='bbox 1300 4310 1370 4365; x_wconf 81' lang='lat' dir='ltr'>Lot:</span> <span class='ocrx_word' id='word_1_327' title='bbox 1392 4310 1429 4363; x_wconf 94' lang='lat' dir='ltr'>di-</span> 
     </span>
     <span class='ocr_line' id='line_1_38' title="bbox 287 4386 422 4442; baseline 0.022 -3"><span class='ocrx_word' id='word_1_328' title='bbox 287 4387 376 4439; x_wconf 87' lang='lat' dir='ltr'>centes</span> <span class='ocrx_word' id='word_1_329' title='bbox 395 4386 422 4442; x_wconf 88' lang='lat' dir='ltr'><em>B</em></span> 
     </span>
    </p>
   </div>
   <div class='ocr_carea' id='block_1_5' title="bbox 0 0 1604 5030">
    <p class='ocr_par' dir='ltr' id='par_1_5' title="bbox 0 0 1604 5030">
     <span class='ocr_line' id='line_1_39' title="bbox 0 0 1604 5030; baseline 0 0"><span class='ocrx_word' id='word_1_330' title='bbox 0 0 1604 5030; x_wconf 95' lang='lat' dir='ltr'> </span> 
     </span>
    </p>
   </div>
  </div>
 </body>
</html>
