3200 5034
541 459 578 514 II.
597 461 641 513 De
659 459 860 515 idololatria
880 463 991 517 12-14.
1194 528 1197 532 ,
1294 461 1337 525 45

186 635 315 715 lemnia,
339 635 428 717 quasi
450 635 507 698 tibi
522 652 646 717 quoque
669 637 896 718 praescriptum
916 637 956 700 sit
975 637 1014 701 de
1030 636 1090 718 die,
1113 639 1279 719 quominus
1294 639 1336 717 id,

186 739 271 821 quod
294 739 413 804 bomini
436 739 531 804 debes
559 741 610 804 uel
632 739 689 804 tibi
717 739 756 804 ab
780 741 907 805 homine
930 740 1071 822 debetur,
1100 742 1177 806 citra
1199 741 1259 806 diei
1281 741 1337 806 ob-

188 843 400 908 seruationem
427 844 496 908 luas
524 845 575 908 uel
601 845 740 926 recipias.
787 845 827 908 da
854 846 1005 926 formam,
1032 846 1064 910 16
1092 863 1153 927 qua
1179 848 1259 912 66116
1287 847 1337 929 agi

186 950 303 1012 tecum.
327 966 380 1012 cur
396 949 479 1012 enim
491 951 524 1012 et
533 950 644 1029 lateas,
661 968 733 1013 eum
744 950 920 1033 ignorantia
933 951 1062 1014 alterius
1077 953 1164 1014 tuam
1177 951 1337 1015 eonscien-

185 1053 266 1116 tiam
289 1055 505 1116 contamines?
539 1054 650 1118 sinon
673 1054 825 1138 ignoraris
842 1054 923 1136 qnod
946 1055 988 1118 sis
1005 1053 1211 1136 Christianae,
1234 1059 1336 1138 temp·
1375 1075 1388 1113 6

186 1157 264 1219 tanis
281 1160 312 1220 et
327 1159 435 1221 eontra
450 1157 672 1221 conscientiam
689 1159 816 1222 alterins
840 1159 906 1241 agis
922 1161 1085 1241 tamquam
1108 1178 1170 1223 non
1187 1159 1336 1224 Christia-

188 1279 263 1324 nus:
287 1261 335 1325 sin
357 1279 431 1326 uero
455 1264 486 1325 et
509 1261 765 1343 dissimulaneris,
796 1265 969 1344 temptatus
993 1263 1134 1327 addictus
1163 1283 1206 1328 es.
1252 1267 1335 1328 66116

188 1365 256 1429 sine
282 1365 342 1429 hac
368 1366 434 1430 siue
461 1365 543 1446 illac,
570 1384 642 1430 reus
670 1387 703 1430 es
731 1367 921 1431 confusionis
949 1367 981 1430 16
1009 1367 1076 1431 deo.
1123 1368 1184 1449 qui
1211 1372 1335 1432 autem

188 1471 367 1534 confusus
391 1489 501 1552 super
523 1470 716 1535 1661116111
745 1490 860 1553 penes
884 1471 1068 1552 homines,
1097 1475 1133 1537 et
1161 1489 1226 1556 ego
1254 1490 1335 1537 con-

187 1573 324 1638 fundar
346 1593 456 1658 super
482 1575 563 1655 illo,
590 1575 699 1656 inquit,
722 1594 837 1657 penes
865 1579 1009 1657 patrem
1035 1595 1170 1657 meum,
1194 1577 1256 1659 qui
1279 1579 1336 1640 661
1363 1596 1388 1636 ro

188 1679 225 1742 in
249 1679 373 1744 caelis.
1286 1742 1289 1747 .

236 1782 284 1847 14.
310 1782 370 1848 Sed
398 1785 481 1848 enim
507 1784 648 1866 plerique
675 1784 740 1848 iam
767 1783 956 1848 induxerunt
984 1785 1087 1848 animo
1109 1785 1335 1868 ignoscendum

77 1893 98 1948 f.
111 1897 167 1950 115
189 1907 269 1969 esse,
294 1888 470 1970 siquando,
493 1907 573 1970 quae
593 1890 597 1973 Ι
618 1888 742 1969 ethnici,
758 1888 886 1968 faciunt,
903 1907 942 1952 ne
958 1906 1073 1952 nornen
1089 1889 1333 1972 blasphemetur.

189 2010 280 2073 porro
307 1991 514 2076 blasphemia,
543 2009 622 2075 quae
646 1991 736 2056 nobis
760 1993 846 2056 omni
873 1993 965 2056 modo
989 1992 1154 2057 deuitanda
1178 1993 1335 2074 66611666

191 2097 299 2179 opinor
327 2100 384 2177 est,
412 2096 517 2178 61661
545 2101 687 2161 nostrum
715 2098 753 2161 ad
780 2097 895 2161 iustam
918 2096 1149 2178 blasphemiam
1176 2097 1334 2160 ethnicum
1362 2121 1388 2160 rr

190 2200 324 2264 deducat
351 2204 405 2265 aut
434 2201 543 2265 frande
570 2204 625 2265 661
650 2201 763 2265 iniuria
786 2205 841 2266 aut
867 2202 1057 2266 contumelia
1083 2202 1183 2266 aliaue
1206 2202 1337 2265 materia

191 2304 302 2388 dignae
325 2307 487 2386 querelae,
516 2305 548 2368 in
577 2324 639 2387 qua
666 2323 781 2369 nomen
809 2306 922 2370 merito
948 2306 1135 2388 percutitur,
1162 2308 1198 2369 ut
1224 2306 1335 2369 merito

191 2409 345 2472 irascatur
368 2410 399 2472 et
419 2408 573 2473 dominus.
613 2412 751 2473 ceterum
776 2410 803 2473 si
827 2408 865 2472 de
887 2410 973 2473 omni
995 2408 1192 2491 blasphemia
1218 2408 1335 2473 dictum

191 2515 254 2592 est,
281 2515 408 2576 uestra
435 2531 546 2577 causa
569 2531 700 2577 nomen
729 2531 850 2576 meum
872 2511 1169 2594 blasphematur,
1196 2516 1334 2596 perimus

190 2617 338 2696 uniuersi,
378 2634 449 2681 cum
483 2620 568 2681 totus
606 2617 705 2681 circus
739 2618 881 2682 scelestis
920 2618 1077 2701 suffragiis
1107 2618 1193 2682 nullo
1223 2620 1387 2682 meritone

190 2738 306 2784 nomen
336 2721 471 2785 lacessit.
524 2721 718 2801 desinamus,
754 2726 785 2785 61
819 2739 882 2786 666
911 2721 1191 2803 blasphemabitur.
1237 2723 1334 2787 immo

190 2825 437 2907 blasphemetur,
468 2826 544 2889 dum
574 2844 683 2890 sumus
713 2827 745 2890 in
776 2825 1005 2907 obseruatione,
1037 2844 1099 2890 non
1126 2827 1158 2889 in
1181 2826 1334 2890 exorbita-

190 2930 276 2993 tione
318 2929 516 3011 disciplinae,
555 2930 630 2993 dum
669 2929 857 3011 probamur,
896 2948 959 2993 non
1002 2931 1077 2993 dnnr
1119 2929 1332 3012 reprobamur.

191 3050 208 3096 6
246 3032 478 3115 blasphemiam
516 3033 656 3116 martyrii
693 3033 847 3114 adfinem,
883 3052 963 3115 qnae
1000 3038 1076 3097 tnnc
1113 3052 1164 3096 me
1201 3037 1334 3098 testatur

192 3136 423 3218 Christianum,
454 3156 527 3201 cum
560 3141 725 3219 propterea
758 3157 809 3200 me
844 3138 1033 3202 detestatur!
1079 3138 1255 3203 benedictio
1286 3143 1333 3203 661
1359 3161 1385 3200 ar

295 3309 439 3378 81116111.
460 3314 501 3374 10,
514 3312 555 3366 32.
574 3308 637 3363 Luc.
657 3312 681 3375 9,
694 3312 736 3364 26.
792 3309 837 3378 19]
856 3310 932 3363 Rom.
952 3313 977 3373 2,
992 3312 1033 3365 24.
1052 3310 1096 3363 Es.
1115 3312 1157 3374 52,
1170 3313 1194 3364 5.

236 3449 469 3517 lquoeminnsA
516 3449 714 3517 3respiciasA
762 3449 790 3501 in
803 3449 1111 3518 quaseripsr':inquam
1125 3451 1160 3517 B,
1179 3449 1285 3518 qualem
1297 3451 1332 3519 A,

190 3553 244 3605 666
256 3537 312 3606 Rip
347 3539 363 3590 5
376 3551 438 3601 non,
451 3536 473 3589 si
483 3537 703 3604 Houoreumpe’us
738 3537 823 3590 uerbo
835 3534 858 3588 61
867 3550 922 3588 non
930 3535 1062 3603 ignoraris
1074 3535 1146 3604 quod
1158 3537 1193 3589 sis
1204 3536 1332 3590 Christia-

190 3639 242 3676 nus
255 3624 321 3678 Scol
334 3629 398 3692 post
415 3625 554 3690 tamqnam
572 3637 626 3675 non
638 3621 806 3677 Christianus
824 3623 937 3677 66116661
987 3625 1003 3676 7
1022 3622 1064 3675 616
1081 3637 1145 3675 uero
1163 3625 1191 3676 et
1208 3622 1333 3676 dissimu-

189 3709 288 3762 leneris
306 3710 376 3764 Lot:
402 3710 537 3762 enimuero
560 3711 587 3762 61
605 3706 816 3761 dissimulaberis
835 3709 890 3762 AB
955 3709 1025 3763 816
1047 3709 1097 3763 del.
1116 3711 1173 3763 166
1234 3709 1287 3763 ddo
1304 3711 1333 3764 A

190 3798 225 3851 12
242 3795 434 3864 ignoscendum
455 3795 518 3850 Gal:
536 3794 730 3864 agnoscendam
743 3796 779 3864 A,
803 3793 838 3847 ad
861 3794 1071 3863 cognoscendam
1087 3796 1123 3862 B,
1145 3795 1174 3848 id
1193 3795 1332 3864 ignoscen-

190 3882 256 3936 dum
280 3884 331 3938 Urs
394 3885 426 3938 13
450 3882 473 3935 si
491 3881 596 3950 quando
615 3896 681 3950 quae
699 3881 768 3952 Rip.-
786 3881 810 3933 si
828 3880 962 3949 quandoq
979 3882 1016 3948 A,
1034 3881 1057 3934 61
1075 3882 1232 3950 quandoque
1251 3886 1278 3937 et
1296 3885 1331 3952 B,

188 3968 348 4038 quandoque
367 3968 493 4037 hisquae
514 3969 564 4024 Gal
635 3971 669 4024 14
686 3967 841 4022 omnimodo
858 3970 894 4035 A,
913 3968 1022 4022 omnino
1040 3969 1067 4022 B
1140 3971 1171 4024 15
1190 3970 1212 4022 61
1231 3970 1277 4037 661
1295 3972 1331 4039 A,

189 4056 211 4110 si
231 4056 290 4124 quis
309 4057 336 4110 Β
385 4059 416 4111 11
436 4055 518 4124 digna
535 4071 602 4124 quae
621 4055 663 4108 cui
682 4070 736 4108 666
753 4055 880 4108 inmerito
897 4055 1029 4108 irascatur
1046 4056 1074 4109 A
1123 4056 1155 4112 18
1173 4057 1212 4126 61]
1225 4058 1249 4110 61
1261 4058 1331 4112 Leo-

183 4144 289 4212 616ῑά66
336 4144 368 4197 19
387 4143 471 4196 nestri
489 4143 597 4213 ABmp,
616 4158 664 4195 uae
683 4141 758 4194 66166
776 4143 804 4196 Β
848 4140 1112 4212 206661661163616
1155 4142 1330 4212 2211666116-

187 4232 286 4293 metur,
306 4227 371 4282 dum
390 4245 481 4282 sumus
499 4229 568 4299 Rip:
586 4229 651 4282 dum
669 4245 761 4281 sumus
778 4228 980 4297 blasphemetur
996 4229 1052 4283 AB
1099 4231 1134 4284 23
1152 4227 1291 4299 discipline
1303 4232 1331 4285 A

187 4331 242 4369 non
265 4315 330 4368 dum
355 4315 527 4384 reprobamur
549 4335 599 4372 om.
617 4317 644 4370 A
714 4316 782 4370 246
806 4317 870 4371 Urs:
893 4313 928 4367 ob
946 4315 1001 4369 AB
1071 4317 1106 4370 25
1128 4316 1285 4369 cristianum
1302 4317 1331 4370 A

187 4406 330 4474 propterea
348 4419 389 4456 me
408 4404 478 4458 Iac:
493 4407 603 4473 propter
621 4419 679 4457 eam
698 4404 753 4457 AB
1175 4413 1177 4416 ’
