3200 5034
577 382 653 437 VIII.
672 384 717 436 Do
735 382 901 451 pudicitia
918 386 994 439 6-7.
1292 386 1354 450 231

211 557 366 640 indignati
389 558 609 623 mussitabant.
649 560 689 625 ad
711 560 770 624 hoo
793 558 937 623 dominus
961 559 1088 642 peoudis
1111 561 1249 643 perditae
1264 562 1356 625 resti-

212 662 366 725 tutionem
390 680 462 726 oum
484 662 662 747 figurasset,
693 664 744 728 oui
774 664 828 727 alii
855 662 1067 747 configurasse
1095 665 1285 729 eredendum
1309 669 1357 730 est

212 783 308 847 quam
338 767 460 831 ethnico
490 767 623 849 perdito,
654 768 692 832 de
722 786 784 848 quo
816 768 977 851 agebatur,
1009 786 1071 832 non
1102 768 1140 833 de
1169 768 1354 850 Christiano,

213 871 267 952 qui
290 871 391 934 adhuo
413 865 528 935 nemo?
565 875 620 936 aut
644 872 734 955 quale
758 875 816 951 est,
847 874 882 935 61
905 872 1050 936 dominus
1078 873 1168 954 quasi
1194 874 1356 938 oauillator

211 976 424 1057 responsionIs
445 976 562 1039 omissa
582 978 683 1059 speeie
698 976 867 1059 praesenti,
889 994 985 1057 quam
1003 980 1200 1059 repercutere
1218 977 1354 1059 deberet,
1394 1006 1407 1045 s

212 1079 251 1142 de
280 1080 386 1143 futura
415 1080 558 1144 laboret?
596 1080 651 1145 sed
681 1080 749 1145 ouis
772 1080 894 1162 proprie
918 1078 1171 1145 christianiae
1200 1100 1274 1164 grex
1302 1082 1356 1146 do·

212 1184 289 1247 mini
312 1184 461 1248 ecelesiae
483 1185 617 1267 populus
642 1188 673 1249 et
695 1187 803 1268 pastor
825 1184 926 1248 bonus
951 1184 1094 1249 Christus
1119 1187 1149 1248 61
1171 1184 1240 1249 ideo
1265 1183 1355 1249 chri-

212 1288 333 1351 stianus
356 1288 389 1351 in
411 1306 470 1352 oue
493 1288 735 1373 intellegendus,
764 1290 818 1370 qui
841 1288 880 1353 ab
904 1288 1053 1353 eeclesiae
1075 1307 1171 1372 grege
1194 1290 1353 1354 errauerit.

212 1409 285 1474 ergo
308 1392 386 1455 nihil
409 1392 449 1455 ad
467 1392 709 1456 Pharisaeorum
733 1392 985 1457 mussitationem
1008 1393 1205 1476 respondisse
1229 1394 1278 1457 uis
1302 1394 1356 1458 do·

211 1496 343 1576 minum,
374 1496 429 1559 sed
459 1497 499 1559 ad
532 1500 621 1561 tuam
645 1497 966 1579 praesumptionem?
1005 1500 1036 1561 et
1066 1500 1173 1561 tamon
1207 1497 1251 1561 ita
1285 1516 1355 1561 eam
1382 1528 1407 1566 ιο

211 1600 373 1664 uindioare
403 1600 541 1682 debebis,
572 1604 607 1665 61
630 1621 727 1685 neges
749 1602 783 1665 in
807 1602 967 1666 ethnioum
994 1604 1181 1685 competere,
1213 1620 1292 1684 quae
1322 1602 1355 1666 in

212 1703 425 1769 Christianum
456 1706 616 1770 existimas
647 1707 825 1770 oonuenire.
865 1705 914 1769 die
936 1706 1024 1786 mihi,
1055 1723 1158 1770 nonne
1185 1724 1277 1770 omne
1299 1706 1355 1770 ho-

210 1810 335 1874 minum
357 1829 458 1893 genus
481 1828 563 1874 unus
586 1811 637 1873 dei
658 1830 732 1895 grex
756 1813 826 1874 est?
850 1828 954 1875 nonne
977 1811 1196 1874 uniuersorum
1211 1811 1355 1893 gentium

209 1913 293 1978 idem
316 1914 393 1978 deus
417 1917 448 1978 et
471 1914 616 1978 dominus
641 1918 671 1978 61
694 1917 801 1997 pastor
824 1917 894 1978 est?
933 1914 1002 1996 quis
1027 1914 1128 1997 magis
1151 1915 1232 1996 perit
1255 1932 1273 1978 a
1296 1915 1353 1979 deo

211 2036 305 2100 quam
329 2018 482 2098 ethnious,
514 2018 663 2100 quamdiu
694 2021 798 2082 errat?
838 2018 907 2100 quis
938 2018 1040 2101 magis
1063 2018 1232 2107 requiritur
1255 2036 1273 2081 a
1296 2018 1353 2083 deo
1382 2046 1406 2086 rs

209 2140 308 2203 quam
331 2122 483 2202 ethnious,
508 2121 631 2204 quando
646 2125 813 2187 reuocatur
829 2140 847 2185 a
864 2120 1008 2186 OhrIsto?
1046 2122 1181 2204 denique
1197 2123 1355 2187 anteoedit

208 2225 261 2289 hio
283 2226 357 2290 ordo
381 2227 413 2289 in
437 2226 584 2301 ethnicis3
609 2227 764 2309 siquidem
787 2244 850 2290 non
874 2226 965 2290 abter
982 2224 1150 2290 Christiani
1166 2244 1203 2289 ex
1219 2226 1353 2289 ethnieis

209 2329 291 2394 fiunt
321 2330 381 2393 nisi
410 2330 496 2413 prius
527 2329 640 2413 perditi
663 2334 695 2394 et
717 2348 736 2393 a
759 2331 815 2393 deo
838 2329 980 2411 requisiti
1004 2334 1035 2394 et
1057 2348 1076 2393 a
1099 2328 1223 2395 Christo
1249 2348 1354 2412 repor-

209 2435 278 2498 tati.
316 2435 362 2498 ita
391 2433 488 2498 etiam
511 2434 595 2498 huno
618 2434 759 2498 ordinem
783 2435 903 2498 seruari
926 2437 1058 2516 oportet,
1089 2438 1125 2498 ut
1150 2434 1184 2497 in
1208 2452 1260 2499 eos
1290 2435 1353 2498 tale

209 2538 328 2620 aliquid
342 2540 594 2622 interpretemur,
617 2539 650 2602 in
667 2538 780 2621 quibus
796 2540 892 2621 prius.
932 2541 964 2601 at
979 2540 1024 2618 tu,
1046 2538 1165 2620 opinor,
1188 2538 1246 2602 hoo
1262 2538 1352 2618 ueliS,
1380 2568 1405 2607 ro

208 2645 246 2706 nt
268 2661 361 2707 ouem
383 2661 446 2707 non
468 2627 623 2727 degrege
646 2642 801 2726 perditam
824 2643 952 2723 faceret,
985 2642 1040 2705 sod
1070 2643 1108 2706 de
1136 2660 1207 2707 area
1229 2643 1281 2707 uel
1304 2661 1353 2706 ar-

208 2747 317 2811 mario.
355 2747 401 2810 sio
424 2747 482 2811 etsi
505 2746 700 2811 ethnicorum
723 2746 878 2828 reliquum
894 2764 1061 2810 numerum
1076 2747 1197 2810 iustum
1213 2746 1266 2827 ait,
1289 2764 1352 2810 non

206 2851 277 2915 ideo
294 2850 488 2916 Christianos
512 2869 581 2915 esse
605 2851 751 2931 ostendit,
775 2869 848 2915 oum
869 2851 993 2915 Iudaeis
1017 2868 1113 2934 agens
1137 2854 1170 2915 et
1188 2851 1258 2915 illos
1279 2870 1353 2915 oum

207 2956 344 3021 maxime
374 2954 562 3037 obtundens,
593 2956 675 3038 quod
697 2955 936 3039 indignarentur
964 2956 1030 3038 spei
1060 2956 1265 3037 ethnicorum,
1297 2957 1352 3021 sed

207 3064 244 3124 ut
274 3061 460 3144 exprimeret
488 3061 640 3125 aduersus
669 3061 803 3125 liuorem
829 3060 1070 3126 Pharisaeorum
1101 3078 1191 3125 suam
1218 3062 1404 3144 gratiamne

207 3168 241 3229 et
262 3164 515 3229 beneuolentiam
538 3166 634 3229 etiam
650 3164 732 3228 oiroa
746 3184 847 3228 unum
863 3164 1034 3245 ethnicum,
1057 3166 1237 3249 praeposuit
1256 3166 1350 3230 unius

206 3270 380 3352 peccatoris
404 3270 540 3333 salutem
563 3288 599 3332 ex
621 3269 814 3351 paenitentia
829 3286 923 3351 quam
939 3270 1065 3333 iliorum
1082 3288 1117 3333 ex
1132 3270 1257 3334 iustitia.
1297 3273 1351 3333 aut

206 3374 360 3455 numquid
390 3390 453 3438 non
483 3374 559 3437 iusti
588 3372 711 3453 Iudaei,
747 3376 778 3437 61
805 3373 926 3455 'quibus
957 3374 1151 3457 paenitentia
1180 3390 1257 3455 opus
1287 3392 1350 3438 non

207 3483 292 3543 esset
313 3477 504 3543 habentibus
527 3477 741 3563 gubernacula
757 3477 939 3560 diseiplinae
956 3482 988 3542 et
1003 3478 1123 3543 timoris
1139 3478 1351 3543 instrumenta

248 3722 266 3775 2
289 3735 351 3773 oum
372 3718 522 3787 figurasset,
546 3718 590 3772 661
607 3718 653 3771 alii
671 3718 851 3787 oonfigurasse
869 3718 1032 3772 eredendum
1050 3719 1122 3788 Rip:
1144 3734 1206 3772 oum
1224 3718 1270 3772 alii
1288 3734 1350 3773 eon·

126 3794 128 3798 ’
204 3806 355 3875 figurasset,
378 3805 545 3860 reddendum
567 3807 603 3875 B,
626 3806 670 3859 oni
692 3806 738 3859 alii
761 3806 939 3874 eonfigurasse
961 3805 1124 3860 eredendum
1145 3805 1174 3873 G,
1197 3822 1259 3859 eum
1281 3806 1350 3875 figu-

205 3896 299 3957 rasset,
322 3894 365 3945 661
387 3893 434 3946 alii
456 3892 618 3946 eredendum
636 3894 699 3959 Iuor,
722 3909 784 3946 oum
807 3891 955 3961 figurasset,
980 3892 1023 3945 oui
1046 3892 1092 3945 6111
1114 3891 1280 3945 reddendum
1301 3893 1351 3948 Gol

205 3983 222 4035 4
241 3980 286 4047 qui
308 3980 371 4034 Gal.-
389 3979 454 4047 quid
471 3981 498 4034 Β
561 3978 700 4033 blahoret
720 3979 784 4033 Get:
801 3978 938 4032 laboretur
954 3980 982 4034 Β
1044 3978 1107 4035 816
1125 3994 1173 4031 666
1195 3978 1223 4042 0,
1243 3994 1297 4032 non
1314 3980 1349 4047 B,

204 4066 285 4120 homo
308 4067 359 4121 Urs
431 4070 463 4122 10
480 4068 703 4136 iatorropatr'onts
721 4068 831 4136 siquam
845 4068 930 4135 posui
1002 4068 1033 4120 12
1057 4080 1135 4119 omne
1157 4064 1298 4119 hominum
1320 4065 1349 4133 O,
1400 4115 1402 4119 ,

204 4153 346 4206 hominum
365 4154 392 4209 Β
447 4156 478 4208 15
497 4155 569 4206 errat
588 4154 773 4207 (1616116161
791 4154 819 4207 Β
878 4156 912 4208 20
930 4153 1004 4221 prius
1022 4154 1062 4205 est
1082 4151 1132 4206 Get
1193 4150 1275 4205 uelles
1297 4154 1349 4209 Urs

205 4242 240 4294 22
257 4240 359 4293 iustum
378 4241 443 4296 Uro:
460 4240 543 4293 istum
561 4242 589 4293 Β
642 4241 675 4294 23
694 4255 775 4307 agens
790 4240 854 4295 Gal:
872 4238 972 4292 habens
990 4240 1018 4294 Β
1061 4240 1104 4294 v28
1123 4239 1150 4291 ot
1167 4237 1260 4291 Iudaei
1273 4241 1348 4297 Hor-

205 4327 319 4384 metim
376 4328 410 4383 29
428 4324 588 4381 habentibus
609 4325 784 4396 qnatenus
803 4326 830 4381 B
