3200 5034
521 477 568 531 IV.
587 478 632 532 De
655 478 847 533 testimonio
869 480 995 533 animae
1012 482 1089 535 5-6.
1316 479 1378 544 143

233 654 331 718 diuini
350 654 505 719 inuoealio
526 653 652 736 ubique,
676 672 760 719 mors
780 654 898 735 ubique
917 658 950 719 el
969 655 1160 719 conscientia
1180 655 1288 719 mertis
1309 654 1377 719 ubi-

232 776 303 840 que,
327 761 358 822 et
380 758 596 823 testimonium
619 759 745 841 ubique.
785 759 888 823 omnis
909 759 1016 823 anima
1035 778 1091 823 sue
1114 760 1181 823 iure
1204 760 1378 842 praelamal

231 880 310 944 quae
331 862 421 927 nabis
441 881 499 928 nee
519 864 643 948 mutire
664 864 862 949 eeujeeditur.
903 864 1013 928 merila
1032 864 1128 947 igitur
1149 864 1250 928 omnis
1272 865 1377 928 anima

232 969 264 1030 el
284 985 339 1032 rea
361 970 393 1032 el
415 968 515 1053 lesqis
539 971 597 1049 esi,
620 968 662 1053 inJ
685 972 811 1045 tanturn
834 972 866 1032 et
888 986 942 1032 rea
965 968 1088 1049 erroris,
1112 968 1145 1033 in
1169 973 1322 1051 quantum
1346 972 1377 1032 et

230 1071 321 1136 testis
342 1073 504 1158 ueritatis,
528 1076 559 1137 et
580 1072 685 1157 stajbib
705 1076 777 1138 ante
799 1075 887 1137 aulas
907 1072 958 1137 dei
973 1072 1023 1136 die
1038 1073 1145 1137 iudieii
1160 1072 1240 1136 nihil
1254 1071 1375 1137 habens
1414 1099 1427 1137 s

231 1175 342 1240 disere.
386 1178 492 1261 Ldeum
513 1166 724 1262 praejdieabas
748 1180 780 1241 et
802 1195 865 1241 nen
891 1177 1083 1259 requirebas,
1110 1177 1275 1241 daemonia
1300 1177 1375 1241 aba·

230 1280 401 1345 minabaris
430 1284 461 1345 eb
486 1280 541 1346 illa
569 1281 739 1366 adorabas,
767 1282 924 1367 iudieipum
948 1282 998 1346 dei
1021 1282 1201 1365 appellabas
1224 1300 1374 1347 neeesse

230 1384 388 1466 credebas,
417 1386 541 1451 inferna
562 1386 725 1471 Lsupplieia
746 1385 979 1470 praesumebas
1003 1389 1036 1451 el
1063 1405 1126 1450 nou
1153 1386 1373 1469 praeeauebas‚

230 1486 443 1555 Christianum
466 1509 581 1555 nomen
599 1489 754 1575 [sapiebas
778 1494 811 1555 et-
826 1489 1041 1555 Ghristianum
1060 1509 1176 1556 nemen
1198 1509 1374 1575 persequa-

228 1592 324 1658 baris.

273 1749 379 1802 lmers
397 1746 495 1816 ubique
514 1766 564 1805 eas.
583 1750 610 1803 A
681 1750 698 1804 2
716 1748 820 1802 animas
837 1751 865 1804 A
935 1750 1048 1805 311013
1118 1752 1186 1804 let
1203 1751 1326 1820 primm
1348 1756 1373 1805 er

228 1835 355 1890 altimum
373 1852 423 1890 om.
443 1835 471 1890 B
533 1833 670 1891 5stabilis
692 1836 720 1889 B
781 1838 797 1890 6
816 1838 844 1889 el
861 1852 916 1889 non
933 1836 1086 1905 requirebas
1104 1854 1154 1893 om.
1168 1838 1195 1891 A
1260 1840 1277 1893 9
1295 1836 1372 1892 Chri-

228 1921 346 1975 slianum
367 1921 476 1991 nomen]
495 1920 633 1976 Christum
651 1922 708 1991 Rip
772 1921 893 1991 sapiebas
915 1926 943 1977 et
964 1922 1147 1978 Christianum
1170 1939 1267 1977 nomen
1285 1939 1371 1992 perse

228 2008 350 2076 queberis
367 2009 437 2078 Rip:
456 2050 643 2062 ..........
656 2006 728 2063 baris
740 2009 776 2076 A,
795 2027 873 2079 quem
884 2012 956 2066 nibal
967 2012 1023 2066 aiei
1035 2010 1234 2079 persequebaris
1246 2013 1371 2067 babuisse

227 2096 449 2165 apparet51mde
471 2097 616 2165 callipilwr,
643 2097 675 2151 ia
700 2098 821 2166 esemplo
844 2098 902 2152 eiua
925 2104 988 2153 ante
1013 2096 1213 2167 persequebaris
1238 2100 1370 2167 serapiam

225 2184 313 2251 faisse
335 2197 439 2247 nomen,
462 2183 535 2252 quad
555 2189 586 2237 ut
608 2184 652 2239 bie
669 2190 801 2252 pareatur,
824 2186 887 2253 ipsa
908 2186 980 2241 ratio
1002 2186 1111 2240 suadet:
1132 2186 1174 2239 ita
1194 2186 1296 2240 scilieet
1321 2203 1370 2240 caer

226 2270 277 2323 alla
295 2270 396 2325 embra
413 2271 445 2324 ia
457 2270 484 2323 A
495 2271 552 2325 siut
560 2271 739 2339 perspicitur:
757 2268 878 2339 sapiebas
894 2273 922 2324 el
933 2269 1132 2340 persequebaris
1144 2271 1217 2326 Has
1271 2274 1303 2327 10
1321 2271 1369 2324 DE

227 2354 447 2410 TESTIMONIO
459 2384 463 2395 ·
474 2354 616 2410 ΑΝΙΜΑΕ
639 2355 822 2413 EXPLICIT·
845 2359 872 2412 A
