3200 5034
567 465 600 520 X.
619 466 663 520 De
681 465 789 520 anima
807 466 919 522 40-42.
1255 466 1318 531 369

175 643 209 704 ιι
231 640 421 704 conscientia
444 641 493 704 dei
514 641 547 705 in
570 642 786 706 testimonium
809 641 913 725 prodit
936 641 1022 704 ‘deus
1045 641 1157 705 bonus'
1180 644 1212 705 ιι
1232 641 1318 705 ‘deus

174 744 271 809 uidet'
295 748 326 809 et
348 746 415 810 ‘deo
438 745 642 811 commcndo'.
676 749 841 830 propterea
863 745 950 810 nulla
972 746 1077 810 anima
1096 747 1164 810 sine
1180 746 1320 827 crimine,

71 852 163 910 [152
177 849 252 931 quia
274 850 361 914 nulla
384 850 450 914 sine
472 850 548 915 boni
571 851 701 915 semine.
722 850 727 931 1
747 850 885 935 proinde,
909 867 981 914 cum
1001 850 1041 914 ad
1055 849 1151 916 finem
1166 851 1319 934 peruenit,

174 954 346 1019 reformata
374 974 430 1038 per
460 955 630 1019 secundam
657 955 859 1019 natiuitatcm
882 973 918 1019 ex
942 972 1023 1037 aqua
1045 958 1077 1019 et
1099 974 1235 1038 superna
1256 957 1320 1020 uir-

174 1061 243 1123 tute
273 1060 411 1124 detracto
440 1060 644 1144 corruptionis
671 1060 822 1143 pristinae
846 1060 955 1124 aulaeo
978 1062 1078 1124 totam
1100 1060 1204 1125 lucem
1228 1078 1318 1126 suam
1358 1085 1370 1125 s

174 1164 337 1246 conspicit.
383 1165 533 1247 excipitur
563 1165 657 1229 etiam
686 1164 841 1247 aspiritu
872 1167 989 1245 sancto,
1019 1164 1099 1229 sicut
1127 1167 1160 1229 in
1190 1166 1321 1248 pristina

174 1269 340 1332 natiuitato
364 1287 383 1332 a
405 1269 517 1352 spiritu
548 1269 688 1353 profano.
734 1269 874 1351 sequitur
902 1269 1039 1334 animam
1062 1269 1233 1334 nubentem
1257 1269 1320 1352 spi-

173 1372 251 1436 ritui
280 1392 361 1454 earo,
392 1376 428 1438 ιιι
458 1374 560 1439 dotale
583 1374 784 1458 mancipium,
817 1376 848 1438 et
870 1374 934 1439 iam
958 1391 1020 1438 non
1044 1373 1167 1440 animae
1190 1375 1319 1457 famula,

174 1478 231 1541 sod
250 1479 387 1562 spiritus.
422 1479 584 1544 obeatum
608 1479 789 1560 conubium,
814 1479 840 1543 si
862 1497 923 1543 non
940 1480 1101 1544 admiserit
1116 1480 1319 1545 adulterium!

218 1580 270 1647 42.
294 1584 342 1646 De
373 1587 472 1649 morte
502 1585 565 1648 iam
597 1587 750 1667 superest,
782 1587 818 1648 ut
844 1584 909 1648 illic
936 1585 1069 1648 materia
1090 1586 1235 1667 ponatur,
1266 1585 1320 1650 ubi
1348 1610 1372 1648 10

172 1687 244 1768 ipsa
273 1689 378 1752 anima
408 1691 654 1753 consummatur.
700 1705 894 1770 quamquam
916 1688 1069 1771 Epicurus
1096 1688 1220 1772 uulgari
1242 1687 1319 1753 satis

174 1791 322 1874 opinione
346 1793 470 1876 negarit
491 1796 625 1857 mortem
650 1793 689 1856 ad
712 1810 769 1856 nos
792 1793 958 1874 pertinere.
1005 1793 1099 1874 quod
1126 1793 1223 1857 euim
1250 1793 1320 1858 dis-

174 1897 355 1977 soluitur,
378 1897 490 1979 inquit,
514 1916 626 1962 seusu
650 1901 752 1962 caret
775 1899 812 1960 et
834 1897 930 1978 quod
953 1915 1065 1961 sensu
1084 1899 1200 1978 earet,
1224 1897 1319 1961 nihil

134 1991 137 1994 ⁴
173 2001 220 2064 ad
243 2020 317 2066 nos.
364 2002 543 2067 dissoluitur
566 2005 672 2066 autam
696 2005 727 2066 ct
749 2005 836 2066 caret
858 2021 952 2066 sensu
976 2020 1038 2066 non
1057 2002 1125 2085 ipsa
1144 2020 1239 2083 mors,
1263 2002 1319 2066 sed

171 2105 268 2170 homo
298 2107 351 2188 qui
377 2125 448 2170 eam
470 2107 597 2188 patitur.
645 2109 678 2170 ιι
699 2107 753 2170 ille
776 2107 805 2170 ei
828 2106 914 2170 dedit
936 2106 1124 2189 passionem,
1157 2107 1245 2170 cuius
1269 2109 1318 2171 est
1345 2131 1370 2170 ιι

172 2211 266 2274 actio.
312 2211 423 2292 quodsi
454 2210 591 2275 hominis
614 2213 662 2274 est
683 2211 749 2292 pati
773 2213 907 2275 mortem
931 2210 1158 2274 dissolutricem
1182 2212 1317 2294 corporis

171 2317 207 2378 ιι
236 2317 474 2398 peremptricem
505 2333 626 2395 sensus,
658 2332 753 2397 quam
782 2315 926 2398 ineptum
956 2316 992 2379 ut
1019 2317 1109 2378 tanta
1130 2316 1177 2378 uis
1202 2316 1240 2379 ad
1263 2316 1317 2379 ho-

172 2419 294 2483 minem
325 2438 387 2484 uon
416 2420 573 2502 pertinere
603 2420 732 2484 dicatur.
778 2421 879 2484 multo
909 2419 1046 2484 coactius
1076 2418 1202 2500 Seneca,
1232 2423 1318 2501 post

171 2527 344 2605 mortem,
376 2525 430 2605 ait,
462 2525 585 2589 omnia
614 2525 819 2605 finiuntur,
850 2524 964 2588 etiam
995 2524 1084 2606 ipsa.
1131 2523 1190 2588 hoc
1220 2524 1247 2588 si
1272 2525 1317 2588 ita

170 2632 230 2708 est,
253 2629 316 2692 iam
340 2632 371 2692 et
392 2647 476 2692 mors
501 2629 540 2692 ad
563 2629 766 2711 semetipsam
788 2627 966 2712 pertinebit,
999 2628 1026 2692 si
1049 2631 1081 2692 et
1103 2629 1171 2712 ipsa
1192 2627 1315 2704 finitum
1343 2653 1368 2691 ιι

171 2750 210 2797 eo
241 2733 342 2816 magis
370 2734 408 2798 ad
439 2734 609 2814 hominem,
640 2735 673 2798 in
704 2751 765 2815 quo
794 2735 877 2798 inter
907 2733 1013 2797 omnia
1035 2732 1171 2797 finiendo
1195 2733 1317 2816 etipsa

169 2836 288 2901 finitur.
323 2856 407 2902 mors
430 2838 508 2902 nihil
531 2839 570 2902 ad
593 2855 660 2918 nos,
687 2855 760 2921 ergo
783 2841 816 2902 et
836 2838 904 2901 uita
926 2836 1005 2901 nihil
1027 2836 1067 2901 ad
1089 2854 1155 2900 nos.
1190 2837 1216 2900 si
1232 2838 1316 2901 enim

169 2959 234 3023 quo
264 2942 465 3005 dissoluimur
495 2945 618 3025 praeter
648 2960 716 3022 noe,
751 2942 846 3006 etiam
877 2959 937 3023 quo
968 2941 1199 3025 compingimur
1229 2944 1316 3005 extra

169 3063 238 3109 nos.
292 3046 320 3109 si
349 3047 505 3129 ademptio
535 3065 646 3110 sensus
677 3045 757 3109 nihil
787 3046 826 3109 ad
857 3063 928 3126 nos,
963 3064 1020 3109 nec
1051 3046 1178 3128 adeptio
1204 3065 1314 3110 sensus

169 3150 341 3231 quicquam
371 3151 410 3213 ad
440 3169 506 3214 nos.
553 3150 607 3214 sed
635 3153 769 3215 mortem
792 3168 914 3232 quoque
937 3149 1098 3214 interimat
1120 3151 1173 3230 qui
1196 3153 1228 3214 et
1250 3151 1315 3214 aui·
1341 3173 1366 3213 as

170 3272 267 3317 mam.
308 3272 328 3317 a
348 3253 438 3317 nobis
461 3257 496 3317 ut
519 3255 556 3317 de
579 3258 727 3338 postuma
745 3254 814 3318 uita
829 3256 860 3317 et
874 3254 913 3317 de
929 3254 991 3318 alia
1005 3254 1165 3336 prouincia
1180 3255 1313 3335 animae,

170 3359 217 3422 ita
245 3358 283 3421 de
306 3361 405 3423 morte
428 3358 623 3440 tractabitur,
656 3359 695 3423 ad
718 3376 813 3440 quam
836 3358 887 3420 uel
910 3358 970 3441 ipsi
991 3358 1193 3441 pertinemus,
1224 3359 1252 3422 si
1274 3358 1313 3422 ad

169 3480 228 3526 nos
260 3463 316 3526 illa
348 3480 411 3527 non
441 3464 585 3546 pertinet.
638 3463 772 3545 denique
786 3517 788 3524 ,
804 3481 861 3526 nec
893 3462 1056 3545 speculum
1085 3462 1151 3526 eius
1183 3481 1312 3526 somnus

169 3567 275 3631 aliena
297 3567 430 3632 materia
453 3571 509 3632 est.

278 3730 322 3800 12]
340 3730 414 3799 Epic.
427 3731 493 3784 sent.
507 3746 546 3784 nr.
559 3729 626 3799 Hp.
640 3732 672 3785 71
685 3729 766 3784 Usen.
822 3728 866 3799 18]
886 3729 945 3783 Son.
965 3729 1060 3785 Troad.
1080 3731 1139 3786 395.

217 3896 364 3950 latrorum
382 3896 409 3948 ιι
426 3895 461 3959 A,
481 3895 522 3949 est
538 3895 567 3949 B
624 3896 742 3950 baem.
760 3895 788 3949 A
841 3895 903 3950 8ιι
920 3894 975 3948 iam
992 3909 1046 3947 non
1062 3911 1112 3949 om.
1131 3895 1158 3948 A
1212 3897 1245 3950 lo
1263 3895 1310 3948 DE

168 3980 302 4036 MORTE.
321 3982 361 4036 De
374 3982 438 4051 AB,
458 3981 510 4038 (ser
562 3981 702 4036 materiam
723 3981 850 4037 Oeblcrrae
901 3983 1016 4051 ponatur
1032 3981 1144 4051 scripsi:
1160 3984 1243 4051 ponat
1255 3983 1311 4037 AB

170 4071 203 4125 11
220 4072 421 4124 consummatur
438 4069 550 4140 scripsi:
568 4069 737 4122 consummat
754 4069 810 4123 AB
872 4069 1062 4137 quanquamA
1125 4070 1157 4123 13
1176 4071 1203 4122 ιι
1219 4085 1269 4124 om.
1283 4069 1310 4122 A

170 4159 205 4213 16
217 4156 283 4225 quid
296 4156 355 4211 siA
425 4157 541 4226 corporis
554 4158 581 4210 et
591 4155 796 4226 peremptricem
809 4156 886 4211 ba'sA
944 4156 1065 4211 20sicA
1123 4157 1156 4210 21
1170 4155 1309 4219 omnib;A

168 4246 204 4299 23
223 4259 275 4313 quo
295 4245 358 4300 Gal:
376 4243 447 4313 qnod
465 4245 520 4299 AB
574 4242 645 4312 quod
662 4245 690 4297 A
708 4261 775 4300 corr.
830 4245 864 4298 25
882 4242 945 4311 quia
961 4244 990 4297 Β
1050 4244 1085 4297 26
1103 4259 1119 4295 ι
1136 4244 1199 4310 AB,
1217 4243 1246 4297 in
1260 4243 1310 4297 Get

169 4330 203 4384 de
221 4333 346 4401 postuma
363 4331 421 4384 uita
437 4333 465 4384 et
482 4331 552 4400 Rip:
574 4329 725 4400 depositum
743 4347 759 4383 a
776 4329 835 4382 uita
852 4332 880 4382 ιι
897 4330 960 4396 AB,
984 4328 1134 4397 depositum
1156 4327 1261 4383 habitat
1283 4331 1310 4382 et

167 4420 201 4471 ιιι
221 4418 272 4472 Gal
323 4420 357 4472 at
376 4416 429 4471 ista
446 4418 558 4487 paidom
609 4419 644 4474 28
662 4432 715 4470 non
733 4416 851 4485 pertinet
868 4434 918 4472 om.
938 4415 965 4468 A
1018 4414 1130 4483 denique
1148 4431 1196 4468 nec
1213 4433 1263 4471 om.
1280 4415 1308 4470 A

221 4513 264 4553 XX.
279 4512 338 4554 Τιιι.
353 4511 370 4552 Ι.
1119 4504 1153 4553 24
