3200 5034
297 456 362 519 292
529 456 643 521 Quinti
663 457 801 525 Septimi
820 457 986 510 Florentis
1006 458 1206 511 Tertulliani

298 633 389 695 modo
420 634 452 696 in
483 632 573 696 nobis
601 633 704 714 ipsam
728 651 849 713 quoque
874 634 1027 696 unitatem
1050 633 1277 696 ieiunationum
1300 634 1332 694 et
1352 648 1436 694 xero-

297 737 484 819 phagiarum
508 740 540 799 et
563 737 734 799 stationum
762 738 937 801 denotatis?
972 737 1034 801 nisi
1058 738 1136 800 forte
1160 737 1192 800 in
1216 738 1344 799 senatus
1366 752 1435 798 con-

297 842 380 903 sulta
402 844 432 904 et
452 842 483 903 in
499 841 676 923 principum
696 840 846 903 mandata
861 840 1045 904 coitionibus
1061 841 1203 923 opposita
1219 839 1434 920 delinquimus.

297 945 424 1028 spiritus
448 948 586 1025 sanctus,
611 963 683 1007 cum
707 945 739 1007 in
763 945 875 1025 quibus
900 946 997 1008 uellet
1020 946 1110 1008 terris
1135 948 1166 1007 et
1180 962 1236 1026 per
1252 961 1329 1024 quos
1345 943 1438 1005 uellet·

257 1077 269 1113 5
296 1050 498 1131 praedicaret,
533 1068 569 1111 ex
591 1049 789 1130 prouidentia
811 1048 1045 1113 imminentium
1060 1049 1134 1112 siue
1159 1047 1437 1112 ecclesiasticarum

296 1154 541 1237 temptationum
573 1154 639 1217 siue
670 1153 879 1217 mundialium
910 1155 1090 1237 plagarum,
1121 1172 1182 1234 qua
1205 1154 1380 1236 paracletus
1405 1151 1437 1213 id

297 1262 345 1320 est
376 1257 545 1322 aduocatos
579 1257 617 1321 ad
641 1257 832 1321 exorandum
855 1257 991 1321 iudicem
1015 1258 1139 1338 dicitur,
1170 1255 1348 1320 huiusmodi
1370 1254 1436 1319 offi-

295 1363 414 1427 ciorum
437 1362 576 1425 remedia
598 1362 779 1442 mandabat,
811 1365 896 1445 puta,
925 1380 1008 1426 nunc
1031 1362 1070 1425 ad
1095 1362 1301 1425 exercendam
1324 1359 1437 1423 sobrie-

295 1468 370 1531 tatis
402 1471 434 1531 et
460 1467 669 1532 abstinentiae
694 1468 904 1550 disciplinam;
935 1468 1018 1532 hunc
1042 1469 1095 1548 qui
1118 1467 1303 1549 recipimus,
1332 1484 1436 1529 neces-

244 1598 268 1634 ιο
296 1572 377 1635 sario
398 1572 492 1635 etiam
509 1590 587 1653 quae
603 1576 678 1636 tunc
695 1572 858 1636 constituit
874 1572 1089 1636 obseruamus.
1123 1572 1227 1654 aspice
1243 1571 1283 1635 ad
1298 1570 1435 1633 Iudaicos

295 1676 393 1738 fastos
426 1679 457 1738 et
485 1676 626 1739 inuenies
651 1676 727 1739 nihil
750 1694 883 1756 nouum,
916 1676 956 1755 si,
988 1694 1067 1757 quae
1090 1676 1231 1758 patribus
1256 1678 1330 1738 sunt
1350 1691 1435 1757 prae-

295 1782 395 1861 cepta,
426 1780 528 1843 omnis
552 1780 696 1863 deinceps
720 1780 888 1861 posteritas
911 1780 1099 1844 hereditaria
1120 1780 1272 1861 religione
1296 1778 1433 1842 custodit.

218 1917 221 1958 ς
295 1888 430 1966 aguntur
452 1888 615 1967 praeterea
636 1904 692 1967 per
715 1883 862 1948 Graecias
886 1884 940 1947 illa
970 1884 1062 1948 certis
1089 1885 1121 1947 in
1144 1884 1220 1948 locis
1246 1883 1373 1948 concilia
1399 1900 1434 1943 ex

295 1988 449 2052 uniuersis
481 1988 634 2068 ecclesiis
665 2007 720 2070 per
751 2006 832 2069 quae
864 1991 896 2052 et
918 1988 1030 2052 altiora
1053 2006 1193 2069 quaeque
1217 1987 1250 2051 in
1274 2004 1434 2050 commune

243 2116 268 2154 15
296 2096 485 2172 tractantur,
520 2096 552 2156 et
586 2093 655 2175 ipsa
690 2092 935 2173 repraesentatio
971 2092 1066 2156 totius
1101 2092 1236 2155 nominis
1270 2088 1435 2155 Christiani

294 2215 410 2280 magna
443 2197 645 2260 ueneratione
680 2195 864 2260 celebratur.
927 2200 959 2259 et
992 2196 1050 2260 hoc
1085 2214 1179 2277 quam
1215 2195 1344 2278 dignum
1375 2192 1433 2255 fide

294 2302 475 2383 auspicante
510 2301 693 2384 congregari
726 2300 863 2382 undique
898 2301 937 2363 ad
972 2299 1146 2364 Christum!
1206 2299 1292 2379 uide,
1330 2316 1434 2380 quam

238 2482 241 2486 ¹
293 2406 428 2470 bonum
460 2409 495 2469 et
526 2424 635 2487 quam
666 2403 1432 2468 iucundumhabitarefratrosinunum!
1561 2474 1562 2479 ἵ

227 2523 231 2592 r
293 2511 351 2573 hoc
374 2514 409 2573 tu
433 2511 567 2593 psallere
590 2528 653 2572 non
676 2509 768 2572 facile
784 2509 876 2588 nosti,
901 2509 960 2572 nisi
976 2527 1037 2589 quo
1053 2512 1192 2589 tempore
1209 2525 1282 2570 cum
1299 2506 1433 2587 complu·
1561 2490 1562 2495 ἵ

228 2609 266 2677 ‘eo
292 2614 378 2678 ribus
401 2632 503 2677 cenas.
539 2615 712 2677 conuentus
736 2615 843 2676 autern
858 2613 904 2675 illi
920 2612 1108 2676 stationibus
1124 2612 1210 2695 prius
1228 2614 1259 2675 et
1274 2611 1433 2675 ieiunatio-

293 2718 386 2782 nibus
410 2718 529 2801 operati
551 2717 655 2780 dolere
679 2735 752 2779 eum
775 2716 952 2780 dolentibus
977 2716 1075 2780 etita
1099 2715 1225 2779 demum
1242 2714 1432 2798 congaudere

292 2822 503 2905 gaudentibus
528 2824 652 2884 norunt.
688 2822 714 2883 si
738 2824 769 2883 et
791 2821 852 2883 ista
868 2820 1043 2899 sollemnia,
1068 2820 1180 2901 quibus
1196 2822 1272 2883 tunc
1287 2836 1432 2902 praesens

293 2927 506 3009 patrocinatus
530 2928 578 2988 cst
602 2942 714 3004 sermo,
738 2941 795 2987 nos
819 2942 941 3005 quoquc
964 2924 997 2986 in
1021 2923 1152 2987 diuersis
1175 2924 1341 3005 prouinciis
1364 2923 1432 2985 fun-

293 3032 395 3114 gimur
419 3032 452 3093 in
484 3030 595 3113 spiritu
623 3030 758 3093 inuicem
781 3030 1022 3111 repraesentati,
1052 3030 1101 3091 lex
1125 3032 1173 3092 cst
1196 3027 1391 3091 sacramenti.

147 3167 150 3171 ·
240 3158 266 3196 25
339 3134 388 3199 14.
405 3136 528 3199 Horum
550 3134 646 3218 igitur
668 3138 811 3216 tempora
834 3132 1039 3197 obseruantes
1063 3136 1094 3197 et
1116 3134 1181 3195 dics
1205 3135 1236 3195 et
1259 3150 1381 3195 menses
1405 3133 1433 3193 et

294 3259 391 3304 annos
415 3239 642 3322 galaticamur?
687 3240 795 3321 plane,
828 3238 854 3300 si
877 3237 1076 3301 Iudaicarum
1099 3236 1376 3315 caeremoniarum,
1408 3234 1432 3298 si

292 3344 441 3427 legalium
457 3344 706 3407 sollemnitatum
722 3341 927 3407 obseruantes
945 3360 1068 3415 sumus;
1092 3342 1161 3404 illas
1179 3341 1263 3404 enim
1280 3339 1432 3422 apostolus

293 3448 422 3511 dedocet
445 3466 646 3530 compescens
670 3447 785 3510 ueteris
803 3446 986 3513 testamenti
1001 3446 1033 3508 iu
1051 3444 1175 3509 Christo
1194 3444 1310 3527 sepulti
1332 3461 1433 3525 perse-

292 3553 466 3616 uerantiam
483 3556 514 3615 et
527 3551 600 3615 noui
617 3551 742 3614 sistens.
767 3550 849 3632 quod
865 3550 896 3613 si
912 3566 1008 3613 noua
1031 3548 1197 3613 conditio
1218 3549 1254 3611 in
1272 3547 1431 3625 Christo,

240 3682 266 3719 ao
293 3676 376 3721 noua
399 3660 430 3721 et
453 3656 618 3719 sollemnia
642 3654 908 3753 essedebebunt:
934 3656 989 3717 aut
1013 3654 1037 3716 si
1062 3671 1187 3717 omnem
1211 3653 1243 3715 in
1267 3656 1368 3716 totum
1384 3651 1433 3713 de·

1561 4072 1562 4119 r

1561 4144 1562 4171 l

359 3793 361 3796 ·
398 3776 442 3845 rr]
462 3777 505 3829 rs.
521 3778 578 3844 rsa,
593 3779 616 3831 1.
674 3775 719 3843 eo]
738 3776 755 3829 a
774 3774 872 3838 coes,
888 3776 927 3829 17.

336 3885 351 3936 5
370 3898 401 3933 ex
421 3880 478 3948 Get,
497 3899 547 3935 om.
561 3882 589 3935 Β
660 3883 675 3933 7
695 3878 793 3954 dicitur
812 3879 861 3933 del.
882 3878 932 3933 oa
1003 3880 1035 3933 13
1058 3879 1194 3945 praeterea
1212 3875 1275 3945 Bo,
1297 3880 1432 3946 praecepta

295 3970 345 4023 Get
406 3967 452 4021 illa
474 3969 538 4023 Ure:
556 3966 616 4020 illas
635 3968 662 4019 B
724 3967 756 4020 21
776 3964 879 4033 operati
900 3964 962 4019 Get:
980 3964 1083 4033 operari
1101 3965 1129 4018 B
1189 3965 1224 4017 24
1243 3960 1430 4032 repraesentari

293 4057 358 4115 Scol
428 4057 462 4109 26
480 4054 703 4123 interropotiora's
720 4053 830 4121 adparent
844 4052 929 4121 posui
975 4040 978 4045 ⁵
999 4052 1032 4105 29
1052 4050 1080 4103 in
1099 4049 1213 4112 Christo,
1233 4066 1304 4102 noua
1325 4050 1388 4104 Urs:
1404 4047 1431 4099 in

255 4206 259 4213 Ι
292 4142 399 4196 Christo
419 4141 516 4210 sepulti
533 4157 580 4210 per
597 4138 823 4208 perseuerantiam
843 4154 913 4191 noua
925 4139 960 4205 B,
979 4136 1008 4189 in
1021 4135 1127 4189 Christo
1147 4135 1245 4204 sepulti
1256 4135 1429 4203 perseuerant,

292 4229 346 4281 iam
370 4244 440 4281 noua
465 4229 522 4296 cer,
549 4227 577 4280 in
601 4226 708 4281 Christo
732 4224 826 4293 sepelit
848 4223 1082 4293 perseuerantiam,
1106 4239 1175 4275 noua
1200 4224 1278 4290 iS'eoel,¹
1305 4221 1431 4289 ‘alioquin

289 4317 381 4384 possis
399 4322 424 4368 et
441 4316 584 4369 rescribere
601 4329 670 4366 noua
689 4312 840 4365 conditione
858 4311 886 4364 in
899 4310 1005 4366 Christo
1019 4310 1123 4378 sepulta
1134 4309 1340 4378 perseuerantia,
1358 4298 1429 4361 noua'

297 4401 423 4455 Oeblerrrs
442 4402 489 4469 qai
513 4402 611 4455 Ursino
630 4400 761 4465 consentit
814 4400 848 4451 30
866 4400 895 4450 at
911 4402 977 4467 fort.
