3200 5034
301 419 365 482 316
533 419 648 485 Quinti
668 420 805 490 Septimi
823 420 990 476 Florentis
1009 423 1209 477 Tertulliani

300 614 341 658 ex
371 613 480 660 carne
508 614 601 670 mea3
631 600 785 679 propter
807 598 876 663 hcc
898 599 1088 681 relinquet
1110 599 1216 664 homo
1240 603 1383 684 patrem
1405 606 1441 665 et

300 704 457 764 matrem
480 703 515 764 et
538 700 797 784 adglutinabit
820 722 858 766 se
881 703 1030 767 mulieri
1053 722 1155 785 suae,
1184 708 1219 768 et
1242 709 1349 769 erunt
1373 707 1439 770 duc

299 806 335 868 in
366 823 475 869 unam
506 823 670 887 earnem,
702 807 908 872 accidentiam
939 808 1066 891 spiritus
1093 827 1205 892 passus
1230 813 1287 874 est.
1333 811 1442 874 cecidit

300 910 383 972 enim
415 910 544 974 ecstasis
576 929 669 993 super
698 911 804 991 illum,
837 913 937 976 sancti
968 913 1095 996 spiritus
1125 914 1173 976 uis
1198 915 1349 996 operatrix
1372 934 1440 997 pro-

259 1041 272 1080 s
299 1014 433 1097 phetiae.
485 1033 560 1078 nam
591 1019 623 1079 et
653 1014 755 1080 malus
787 1017 915 1100 spiritus
950 1018 1091 1082 accidens
1121 1036 1172 1082 res
1204 1021 1260 1082 est.
1311 1020 1439 1101 denique

300 1119 426 1185 Saulem
451 1123 517 1183 tarn
541 1120 590 1184 dei
613 1121 741 1203 spiritus
763 1125 874 1205 postea
897 1122 994 1186 uertit
1016 1122 1048 1186 in
1072 1122 1169 1186 aliurn
1192 1122 1310 1204 uirum,
1340 1124 1371 1187 id
1394 1129 1441 1189 est

299 1224 331 1289 in
353 1225 542 1308 propheten,
565 1243 637 1289 curn
660 1226 779 1290 dictum
804 1230 865 1291 est:
897 1227 985 1309 quid
1016 1228 1083 1291 hoc
1113 1227 1195 1291 filio
1220 1226 1302 1292 Cis?
1333 1247 1375 1293 an
1405 1233 1441 1292 et

299 1327 386 1394 Saul
409 1330 446 1392 in
469 1330 685 1412 prophetis?
709 1349 805 1412 quarn
830 1335 861 1395 et
883 1332 985 1396 malus
1010 1332 1138 1416 spiritus
1161 1336 1271 1415 postea
1294 1333 1386 1397 uertit
1407 1334 1439 1397 in

300 1433 398 1498 alium
420 1434 535 1515 uirum,
558 1435 591 1498 in
614 1438 791 1519 apostatam
815 1436 942 1500 scilicet.
978 1438 1089 1500 Iudam
1112 1454 1235 1519 quoque
1252 1437 1439 1520 aliquamdiu

248 1563 274 1600 ιο
300 1556 373 1601 cum
397 1538 504 1602 electis
528 1539 712 1623 deputatum
736 1559 835 1623 usquc
860 1542 898 1605 ad
920 1541 1093 1606 loculorum
1117 1541 1270 1622 officium,
1299 1542 1356 1606 etsi
1377 1542 1438 1606 iam
1514 1552 1518 1558 ’

299 1642 527 1725 fraudatorem,
558 1644 741 1709 traditorem
772 1648 879 1710 tamen
910 1647 1064 1727 nondum,
1094 1649 1204 1729 postea
1232 1645 1371 1710 diabolus
1393 1647 1438 1710 in-

299 1747 406 1811 trauit.
441 1749 535 1831 igitur
556 1749 583 1812 si
606 1768 706 1831 neque
730 1751 779 1814 dei
803 1769 903 1832 neque
927 1749 1042 1816 diaboli
1065 1751 1194 1834 spiritus
1219 1770 1256 1814 ex
1279 1750 1437 1815 natiuitate

300 1852 474 1917 conseritur
504 1854 642 1935 animae,
675 1855 774 1919 solam
805 1873 875 1919 earn
900 1858 1023 1920 constat
1046 1858 1119 1920 ante
1143 1858 1293 1919 euentum
1316 1855 1436 1938 spiritus

300 1957 478 2040 utriusque3
509 1958 536 2022 si
567 1959 681 2040 solam,
714 1962 745 2023 et
777 1959 952 2042 simplicem
984 1963 1015 2023 et
1038 1960 1227 2024 uniformem
1250 1958 1435 2024 substantiae

248 2085 273 2126 15
300 2062 436 2143 nominc,
460 2066 555 2146 atque
577 2063 622 2127 ita
645 2081 707 2128 non
730 2064 855 2128 aliunde
879 2065 1053 2147 spirantem
1076 2082 1171 2146 quam
1194 2083 1230 2128 ex
1250 2064 1436 2129 substantiae

300 2186 375 2232 suae
398 2164 516 2253 sorte}

344 2270 394 2337 12.
426 2272 560 2336 Proinde
590 2276 623 2337 et
652 2274 803 2355 animum,
833 2275 898 2338 siue
921 2292 1011 2338 mens
1035 2274 1217 2354 111,ΝοΥΣ
1241 2274 1323 2357 apud
1346 2271 1434 2338 Grae·
1448 2280 1515 2336 1114

300 2395 367 2458 111,
398 2395 461 2442 uon
484 2378 569 2441 aliud
592 2379 666 2459 quid
687 2378 901 2462 intellegimus
925 2397 1019 2460 quam
1042 2381 1228 2462 suggestum
1252 2379 1373 2442 animae
1394 2379 1436 2441 in-

299 2463 441 2566 genitum
464 2485 497 2546 et
518 2483 649 2547 insitum
671 2491 703 2546 et
725 2483 876 2547 natiuitus
900 2483 1071 2566 proprium,
1095 2501 1156 2565 quo
1176 2482 1252 2565 agit,
1276 2501 1336 2564 quo
1353 2483 1436 2566 sapit,

248 2611 274 2648 20
301 2605 395 2669 quem
430 2605 537 2650 secum
571 2587 691 2651 habens
722 2607 758 2650 ex
789 2587 961 2670 semetipsa
993 2607 1026 2651 se
1057 2590 1256 2651 commoueat
1285 2587 1318 2650 in
1345 2590 1437 2650 semet

300 2693 416 2773 ipsam,
447 2695 541 2773 atque
570 2691 615 2754 ita
637 2693 757 2755 moueri
779 2692 922 2756 uideatur·
946 2691 983 2755 ab
1007 2692 1060 2756 illo
1082 2694 1245 2773 tamquam
1268 2690 1438 2756 substantia

300 2796 372 2876 alia,
395 2799 431 2860 ut
453 2796 565 2860 uolunt
588 2796 642 2878 qui
666 2796 761 2860 etiam
785 2797 1000 2861 uniuersitatis
1023 2799 1211 2861 motatorem
1234 2797 1374 2860 animum
1389 2797 1437 2859 de-

301 2903 448 2980 cernunt,
479 2900 569 2964 illurn
593 2901 686 2964 deum
709 2899 858 2982 Socratis,
889 2901 979 2965 illurn
1002 2900 1162 2965 Valentini
1185 2900 1382 2984 Monogenes
1403 2920 1437 2963 ex

300 3008 390 3088 patre
405 3003 521 3065 ΒΥΘΩΙ
537 3008 569 3069 et
585 3008 685 3068 rnatre
701 3006 808 3065 ΣΙΓΗΙ.
843 3005 986 3087 quamuis
1002 3003 1208 3088 Anaxagorae
1231 3005 1358 3069 turbata
1373 3022 1437 3068 sen-

249 3134 274 3173 11
301 3111 402 3174 tentia
433 3111 496 3173 est!
541 3108 666 3174 initium
697 3109 781 3173 enim
813 3110 952 3173 omniurn
983 3112 1214 3173 commentatus
1244 3109 1385 3173 animum
1410 3111 1438 3171 ct

301 3214 517 3278 uniuersitatis
540 3214 685 3278 oscillum
708 3213 746 3277 de
768 3213 852 3278 illius
877 3231 932 3277 axe
956 3213 1150 3294 suspendens
1173 3232 1347 3295 purumque
1370 3231 1437 3277 eum

302 3318 464 3382 affirmans
496 3321 527 3382 et
558 3318 734 3401 simplicem
758 3321 790 3382 et
813 3316 1120 3397 incommiscibilem,
1152 3317 1210 3382 hoc
1233 3318 1285 3382 uel
1307 3316 1437 3382 maxime

406 3465 433 3533 7]
454 3467 467 3519 1
487 3464 552 3532 Reg.
569 3466 609 3528 10,
623 3464 663 3518 12,

345 3594 561 3664 2adglutinabit
578 3596 613 3663 B,
632 3594 812 3664 agglutinabit
831 3597 858 3650 A
929 3594 1036 3649 mulieri
1055 3596 1090 3663 A,
1109 3593 1185 3648 uxori
1204 3596 1231 3649 B
1302 3597 1456 3650 3carnem'

302 3700 384 3738 unam
401 3684 457 3752 Rip
509 3682 652 3737 deestasis
670 3682 739 3751 Rip:
757 3681 853 3736 extasis
871 3683 926 3736 AB
979 3682 1020 3735 uis
1038 3683 1073 3749 B,
1093 3681 1134 3734 sui
1152 3683 1179 3736 A
1233 3680 1393 3748 5des=nique
1410 3681 1436 3734 A

303 3770 439 3826 dmalum
457 3770 484 3824 A
502 3787 570 3827 cour.
624 3768 723 3824 amali
741 3769 768 3823 A
826 3768 923 3822 euertit
940 3770 967 3823 Β
1020 3767 1157 3824 9malum
1170 3770 1197 3823 A
1251 3767 1436 3836 aliquandiuA

305 3863 335 3915 11
355 3858 402 3912 sed
419 3861 511 3927 postea
526 3859 553 3912 Β
608 3859 639 3912 17
657 3856 705 3909 ΒΕ
724 3854 841 3910 ANIMO
860 3857 923 3924 AB,
942 3854 1018 3910 NON
1038 3854 1216 3926 SEPARARI
1233 3853 1379 3909 ANIMAM
1394 3853 1435 3906 ET

204 3936 207 3941 ’
302 3944 450 3999 ANIMVM
471 3944 520 3999 cea
582 3942 688 3994 doro
712 3944 739 3998 A
800 3944 832 3998 18
851 3958 904 3996 non
925 3943 989 3998 Gal:
1007 3958 1058 4011 quo
1078 3957 1131 3995 non
1150 3943 1206 3997 AB
1265 3945 1297 3998 19
1314 3941 1435 3995 natiuitus

302 4035 411 4103 ABmg,
429 4031 553 4086 natiuum
570 4031 598 4084 Β
650 4033 684 4086 20
702 4047 729 4083 se
748 4029 962 4084 commoueatin
980 4029 1139 4098 semetipsa
1157 4047 1208 4086 om.
1226 4029 1253 4083 A
1306 4032 1337 4084 21
1355 4028 1435 4096 ipsam

302 4123 414 4190 scripsi:
431 4119 489 4189 ipsa
506 4120 533 4173 Β
586 4120 620 4173 22
638 4117 689 4170 alio
707 4119 734 4172 A
788 4120 949 4172 motatorem
969 4118 1041 4187 Bmp
1094 4119 1128 4172 23
1145 4117 1312 4185 Monogeneu
1330 4117 1364 4182 B,
1382 4113 1435 4166 uni-

302 4208 464 4277 genitumA
517 4208 551 4261 24
576 4203 685 4257 -ΒΥΘΩΙ
710 4206 746 4274 A,
764 4204 830 4275 βὺθῳ
846 4206 883 4274 Β,
900 4205 988 4274 Bytho
1007 4206 1062 4274 Rip
1116 4204 1177 4272 Sige
1196 4205 1265 4273 Rip:
1289 4199 1434 4262 corruda

303 4298 338 4365 A,
357 4295 450 4366 κειρήνῃ
468 4296 503 4364 Β,
522 4292 600 4364 εἰρήνῃ
621 4294 678 4363 Gal,
698 4292 771 4361 ἐννοίᾳ
783 4295 854 4348 Pam
907 4309 986 4362 quam
999 4294 1026 4346 A
1080 4295 1112 4348 25
1132 4291 1203 4346 enirn
1223 4310 1273 4348 ons.
1287 4292 1313 4345 A
1365 4291 1391 4342 et
1401 4289 1434 4355 A,

304 4385 336 4436 ut
352 4383 379 4437 Β
432 4384 466 4436 27
484 4380 730 4435 incommissibilem
748 4381 775 4434 Β
