3200 5034
532 464 607 518 vm.
626 466 670 518 ne
689 464 854 534 pudicitia
871 468 965 520 9-1o.
1254 464 1317 529 239

222 637 272 703 10.
303 639 441 703 Excusso
469 640 564 723 igitur
593 640 667 723 iugo
697 640 730 703 in
760 640 920 703 ethnicum
951 639 1124 704 disserendi
1153 639 1317 723 parabolas

175 744 254 807 istas
278 747 309 808 et
331 745 429 808 semel
452 744 591 827 dispecta
613 745 665 807 uel
687 749 812 828 recepta
835 746 1020 809 necessitate
1040 762 1103 808 non
1119 745 1208 808 aliter
1223 745 1319 809 inter-

133 843 135 845 ’
176 847 321 929 pretendi
343 866 438 930 quam
461 849 595 913 materia
616 849 767 932 propositi
790 852 849 930 est,
873 849 1067 915 contendunt
1082 850 1146 912 iam
1162 867 1218 913 nec
1234 867 1318 912 com·

176 955 283 1035 petere
307 953 439 1016 ethnicis
458 954 669 1035 paenitentiae
686 954 963 1033 denuntiationem,
988 972 1120 1036 quorum
1136 954 1248 1018 delicta
1263 953 1318 1017 ob-

177 1058 269 1120 noxia
299 1058 327 1120 61
353 1076 415 1122 non
438 1058 515 1139 sint,
545 1058 740 1143 ignorantiae
763 1058 884 1122 scilicet
905 1059 1104 1142 imputanda,
1135 1077 1230 1140 quam
1253 1060 1320 1122 sola
1358 1086 1371 1125 e

177 1165 290 1226 natura
323 1181 410 1226 ream
444 1163 500 1227 deo
533 1164 639 1228 faciat.
685 1181 776 1246 porro
810 1182 868 1227 nec
897 1163 1036 1228 remedia
1066 1181 1174 1247 sapere
1205 1162 1318 1244 quibus

176 1267 315 1348 pericula
335 1268 405 1349 ipsa
426 1287 489 1334 uon
512 1269 645 1351 sapiant,
668 1269 732 1332 illio
755 1272 860 1332 autem
882 1268 1092 1351 paenitentiae
1113 1270 1255 1332 constare
1270 1286 1319 1332 ra-

175 1371 295 1437 tionem
324 1372 380 1436 ubi
409 1373 599 1437 conscientia
622 1376 653 1436 et
675 1374 837 1437 uoluntate
861 1372 1065 1454 delinquitur,
1096 1372 1150 1435 ubi
1174 1376 1204 1437 et
1228 1374 1319 1456 culpa

72 1466 77 1475 ’
177 1476 279 1558 sapiat
301 1478 334 1539 et
355 1478 466 1560 gratia,
488 1477 578 1541 illum
600 1478 722 1561 lugere,
745 1479 836 1542 illum
858 1478 1002 1557 uoluteri,
1029 1478 1082 1559 qui
1105 1478 1182 1541 sciat
1199 1478 1319 1560 etquid

176 1580 320 1644 amiserit
342 1584 372 1644 et
394 1581 469 1663 qnid
491 1581 532 1645 sit
554 1584 804 1665 recuperaturus,
832 1582 858 1645 si
880 1580 1104 1665 paenitentiam
1127 1583 1183 1645 deo
1207 1583 1319 1647 immo·
1347 1606 1371 1645 ιο

176 1684 251 1747 lauit
280 1685 385 1766 utique
417 1704 487 1749 eam
517 1687 617 1770 magis
648 1686 721 1750 filiis
749 1686 892 1750 offerenti
915 1705 1009 1767 quam
1033 1688 1195 1750 extraneis.
1242 1706 1319 1751 num

177 1806 252 1871 crgo
282 1792 315 1853 ct
344 1789 436 1854 Ionas
467 1791 580 1855 idcirco
612 1791 744 1855 ethnicis
772 1791 920 1855 Niniuitis
951 1808 1014 1854 uon
1047 1791 1180 1874 putebat
1212 1793 1320 1875 paeni-

177 1893 312 1957 tentiam
333 1895 553 1975 necessariam,
577 1914 649 1960 cum
672 1893 872 1959 cauillaretur
894 1896 927 1959 in
949 1896 1190 1978 praedicationis
1207 1895 1318 1975 officio,

77 2034 80 2037 ·
178 2014 219 2060 an
241 1998 345 2079 potius
369 1999 613 2064 misericordiam
636 2000 686 2063 (161
708 2000 876 2082 prouidens
900 2000 995 2063 etiam
1017 2001 1050 2063 in
1071 2003 1234 2064 extraneos
1249 2018 1319 2083 pro-

176 2101 282 2166 fusam
312 2104 403 2184 quasi
433 2103 661 2193 destructmam
684 2106 886 2187 praeconium
909 2103 1098 2168 uerebatur?
1129 2107 1220 2186 atque
1243 2104 1319 2167 adeo
1348 2128 1372 2167 ie

177 2212 305 2290 propter
334 2211 494 2274 ciuitatem
523 2211 702 2293 profanam,
737 2211 877 2274 nondum
908 2210 957 2274 dei
990 2213 1182 2293 compotem,
1218 2210 1319 2273 adhuc

177 2312 355 2394 ignorantia
385 2316 631 2397 delinquentem,
661 2333 761 2398 paene
791 2315 884 2398 periit
913 2315 1101 2397 prophetes?
1146 2316 1208 2379 nisi
1238 2316 1320 2397 quod

178 2421 357 2502 exemplum
379 2439 491 2503 passus
515 2424 564 2485 est
586 2422 758 2485 dominicae
781 2420 935 2503 passionis
953 2420 1093 2484 ethnicos
1110 2439 1231 2501 quoque
1246 2438 1319 2501 pae-

178 2524 315 2587 nitentes
344 2526 572 2607 redempturae.
628 2526 708 2589 bene
738 2526 822 2606 quod
852 2528 884 2588 et
910 2524 1066 2588 Iohannes
1101 2524 1219 2589 domini
1252 2525 1319 2587 uias

178 2630 322 2692 sternens
356 2647 418 2693 non
452 2630 558 2693 minus
593 2629 800 2694 militantibus
836 2632 867 2692 et
903 2627 1077 2710 publicanis
1116 2646 1210 2710 quam
1247 2628 1319 2693 filiis
1347 2651 1372 2690 20

177 2731 341 2797 Abraham
371 2734 580 2816 paenitentiae
611 2736 677 2797 erat
706 2750 827 2815 praeco.
874 2733 941 2815 ipse
964 2728 1111 2796 dominus
1133 2731 1265 2797 Sidoniis
1289 2735 1320 2795 et

178 2837 280 2919 Tyriis
307 2839 521 2921 praesumpsit
548 2838 788 2921 paenitentiam,
820 2836 847 2901 si
878 2839 1033 2900 uirtutum
1062 2837 1250 2901 documenta
1273 2838 1320 2900 ui-

177 2941 308 3006 dissent.
343 2943 452 3024 atquin
475 2962 532 3027 ego
554 2943 642 3007 illam
665 2941 860 3006 naturalibus
883 2942 984 3025 magis
1004 2941 1218 3024 peccatoribus
1235 2959 1320 3004 com-

177 3049 283 3128 petere
313 3047 501 3111 contendam
531 3065 625 3129 quam
655 3047 850 3111 uoluntariis.
902 3046 1003 3128 magis
1034 3046 1118 3108 enim
1149 3045 1320 3109 merebitur

177 3150 316 3213 fructum
340 3153 406 3215 eius
429 3152 483 3233 qui
505 3152 644 3216 nondum
668 3170 703 3215 eo
726 3170 802 3215 usus
827 3154 874 3214 est
897 3169 991 3232 quam
1007 3149 1061 3231 qui
1076 3151 1140 3213 iam
1156 3152 1187 3213 et
1203 3150 1319 3214 abusus
1346 3176 1372 3215 es

178 3256 237 3335 est,
265 3256 425 3339 magisque
450 3256 570 3339 sapient
591 3257 730 3321 remedia
751 3256 855 3339 prima
877 3273 971 3336 quam
995 3255 1123 3318 exoleta.
1170 3254 1319 3318 nimirum

177 3360 323 3423 dominus
346 3360 477 3444 ingratis
500 3360 656 3444 benignus
680 3361 781 3443 magis
806 3377 900 3441 quam
922 3359 1039 3442 ignaris
1062 3362 1093 3423 et
1108 3359 1198 3422 citius
1214 3378 1319 3441 repro-

176 3464 259 3527 batis
282 3464 459 3528 misericors
482 3483 578 3546 quam
597 3465 736 3529 nondum
751 3464 901 3547 probatis,
925 3467 1037 3527 utnon
1053 3464 1152 3545 magis
1168 3464 1320 3527 irascatur

177 3568 377 3633 contumeliis
401 3570 586 3633 clementiae
609 3588 684 3634 suae
708 3588 804 3651 quam
826 3568 1015 3648 blandiatur,
1040 3570 1071 3631 et
1091 3586 1154 3631 non
1168 3568 1319 3631 libentius

178 3675 334 3739 extraneis
366 3693 436 3738 eam
465 3676 627 3758 impertiat
655 3693 750 3757 quam
779 3676 813 3738 in
840 3674 912 3738 filiis
934 3673 1082 3756 perdidit,
1114 3692 1186 3736 cum
1209 3676 1318 3756 gentes
1346 3700 1371 3739 eo

178 3778 223 3842 sic
254 3779 462 3861 adoptauerit,
497 3781 572 3844 dum
595 3780 704 3844 Iudaei
734 3781 771 3843 (16
804 3778 957 3862 patientia
989 3778 1111 3842 ludunt.
1173 3779 1228 3841 sed
1261 3778 1319 3843 hoc

177 3883 292 3947 uolunt
312 3884 459 3966 psychici,
482 3888 518 3948 ut
541 3884 616 3949 deus
632 3884 706 3948 iusti
720 3884 811 3948 iudex
827 3884 893 3947 cius
908 3882 1079 3964 peccatoris
1094 3883 1320 3964 paenitentiam

176 3988 269 4050 malit
291 4005 386 4069 quam
408 3992 542 4052 mortem
565 3989 619 4071 qui
641 3992 775 4053 mortem
797 3988 993 4071 paenitentia
1015 3986 1136 4050 maluit.
1183 3987 1265 4068 quod
1293 3986 1319 4050 si

222 4159 279 4214 lin
291 4160 428 4214 ethnicum
442 4160 724 4216 Get:etlrnicorumB
763 4161 884 4215 ethnicos
897 4175 950 4215 non
963 4159 1110 4214 disserendi
1118 4162 1182 4229 fort.
1219 4162 1319 4213 dream

177 4246 227 4300 deo
242 4247 306 4302 (sec.-
323 4247 509 4302 remadeoB
555 4248 631 4316 9661
646 4249 708 4304 Get:
726 4264 792 4315 quae
805 4249 832 4301 B
880 4250 910 4303 11
925 4248 995 4315 eam]
1010 4248 1199 4317 gratiamfort.
1254 4262 1319 4301 num

179 4335 395 4400 sesemen,
419 4351 472 4387 non
494 4336 566 4389 Pam
637 4337 669 4391 18
691 4335 855 4403 paenitentes
883 4334 910 4401 O,
929 4352 979 4389 om.
997 4337 1025 4389 B
1094 4337 1129 4390 22
1150 4333 1237 4402 Tyriis
1257 4334 1320 4388 ceo.-

176 4422 255 4491 Tyris
274 4424 301 4477 B
354 4424 387 4477 27
405 4422 518 4490 ingratis
536 4423 571 4490 B,
590 4421 681 4490 gnaris
699 4423 756 4476 Lat
809 4424 842 4477 32
860 4422 946 4475 iustus
964 4422 1036 4475 Pam
