3200 5034
566 423 598 476 X.
617 423 662 476 De
680 422 789 475 anima
806 422 918 476 34-35.
995 424 998 431 '
1254 420 1314 484 361

174 619 282 664 sumas
305 619 342 664 66
364 600 413 663 his
436 618 516 682 quae
540 599 673 679 eierasti,
698 616 777 681 quae
799 597 846 661 illi
868 596 1039 677 reddidisti,
1063 615 1103 660 ne
1126 595 1318 660 16611666-

174 705 325 796 datorem,
348 707 384 768 ut
405 705 489 788 pacti
511 708 777 787 transgressorem
799 701 893 766 iudici
917 701 973 765 deo
993 701 1117 781 obiciat,
1142 701 1222 765 sicut
1245 719 1317 764 eum

173 810 307 893 legimus
330 808 405 874 alibi
428 812 608 874 sauctorum
631 807 865 872 criminatorem
889 809 920 870 61
942 806 980 870 de
995 806 1062 888 ipso
1080 805 1176 870 etiam
1191 805 1318 869 nomine

175 914 291 979 diaboli
313 914 496 995 delatorem,
520 917 551 978 61
572 914 664 987 iudex
687 916 718 977 16
741 913 845 977 tradat
860 912 970 995 angelo
986 910 1187 991 executionis
1212 912 1243 974 61
1265 910 1318 975 ille

175 1022 207 1083 te
237 1019 270 1083 in
300 1037 455 1083 carcerem
487 1019 615 1083 mandet
643 1018 813 1098 infernum,
844 1017 927 1081 unde
955 1034 1018 1081 non
1049 1015 1226 1095 dimittaris,
1258 1014 1319 1080 nisi
1358 1043 1380 1099 6,

175 1124 295 1188 modico
327 1142 450 1206 666666
481 1124 593 1188 delicto
616 1142 704 1188 mora
726 1121 962 1187 resurrectionis
990 1139 1133 1203 expenso.
1173 1119 1248 1202 quid
1270 1120 1318 1184 his

176 1229 320 1294 sensibus
348 1229 472 1311 aptius?
510 1229 584 1311 quid
606 1229 654 1292 his
680 1226 991 1309 interpretationibus
1017 1225 1145 1290 uerius?
1181 1227 1319 1288 ceterum

73 1339 96 1394 f.
106 1343 163 1398 148
177 1334 261 1417 apud
283 1332 491 1417 Carpocraten
522 1334 548 1396 61
578 1333 719 1397 omnium
740 1331 743 1417 1
764 1332 938 1396 facinorum
969 1330 1102 1395 debitrix
1133 1329 1237 1393 anima
1261 1331 1318 1410 est,

176 1441 245 1519 6616
276 1439 334 1501 6611
363 1438 508 1502 16161666
539 1441 571 1502 61
602 1437 801 1501 aduersarius
835 1437 900 1500 6166
931 1434 1182 1518 intellegendus?
1217 1434 1319 1514 credo,

176 1562 267 1607 mens
289 1542 408 1623 melior,
440 1561 518 1624 6666
547 1542 829 1624 111666166116611
853 1540 1048 1605 16666661166
1071 1538 1227 1622 inpegerit
1253 1538 1319 1602 adi·
1348 1567 1372 1604 ιο

174 1648 312 1733 gandam
333 1666 442 1712 rursus
466 1666 501 1711 ac
522 1665 631 1710 rursus
654 1647 687 1710 16
710 1665 832 1729 corpur,
856 1646 955 1710 donec
975 1647 1008 1709 16
1032 1645 1118 1709 66116
1141 1662 1195 1708 666
1210 1644 1320 1728 depre-

175 1752 332 1817 hendatur
358 1752 459 1816 bonae
486 1752 581 1816 61166.
620 1751 679 1815 hoo
706 1755 754 1815 661
781 1771 818 1814 ex
841 1751 933 1815 mahs
955 1749 1109 1814 fructibus
1132 1749 1247 1814 bonam
1272 1768 1320 1813 ar-

174 1858 286 1922 borem
300 1856 453 1941 intellegi,
473 1857 506 1920 id
521 1859 570 1920 est
585 1876 621 1920 66
636 1856 781 1940 pessimis
796 1856 970 1939 praeceptis
987 1854 1162 1918 doctrinam
1177 1853 1320 1917 ueritatis

176 1964 313 2046 agnosci.
353 1980 442 2044 spero
474 1961 653 2026 huiusmodi
682 1961 855 2026 haereticos
879 1960 988 2025 Heliae
1019 1977 1142 2041 666666
1171 1958 1321 2022 inuadere

176 2067 365 2149 exemplum,
397 2069 559 2148 tamquam
581 2067 614 2130 in
636 2065 777 2130 Iohanne
801 2067 845 2130 616
866 2065 1103 2149 repraesentati,
1131 2066 1166 2127 61
1188 2066 1322 2127 metem-
1349 2089 1373 2129 1⁵

175 2172 322 2255 psychosi
340 2172 551 2255 patrocinetur
565 2171 776 2254 pronuntiatio
797 2171 927 2235 domini:
950 2170 1082 2234 Helias
1105 2169 1178 2258 iam
1201 2168 1321 2249 uenit,

178 2279 216 2340 et
238 2293 309 2341 non
332 2279 590 2359 cognoucrunt
613 2294 709 2356 eum,
741 2279 773 2339 61
795 2275 884 2339 alibi:
913 2277 954 2338 et
977 2275 1008 2338 61
1030 2273 1150 2338 661116
1178 2270 1321 2353 audire',

176 2381 239 2444 hic
262 2384 319 2444 661
340 2380 487 2461 Η61166,
511 2381 572 2462 661
595 2384 777 2444 66616666
801 2383 868 2444 661.
907 2379 1059 2461 numquid
1079 2396 1151 2462 ergo
1169 2381 1201 2442 et
1215 2378 1323 2441 ludaei

178 2505 216 2548 ex
235 2485 380 2567 opinione
400 2485 608 2568 Pythagorica
626 2484 832 2548 consulebant
851 2484 1026 2548 Iohannen:
1050 2486 1090 2546 tu
1111 2503 1147 2546 66
1168 2483 1321 2547 Helias?

79 2588 86 2614 “
126 2657 129 2659 Α
177 2594 212 2654 61
227 2609 289 2654 666
306 2609 342 2653 66
356 2589 586 2672 praedicatione
603 2589 722 2653 diuina:
747 2592 784 2653 61
799 2608 882 2653 6666
899 2589 1047 2652 mittam
1064 2587 1170 2652 uobis
1185 2587 1321 2651 Helian
1348 2609 1374 2649 20

177 2695 407 2786 Thesbiten?
445 2694 500 2758 sed
530 2694 613 2757 enim
644 2693 923 2777 metempsychosis
947 2693 1072 2756 illorum
1094 2691 1250 2756 reuocatio
1274 2694 1322 2755 est

176 2799 301 2862 animae
324 2799 388 2862 iam
410 2798 531 2881 pridem
554 2801 654 2862 morte
677 2798 803 2862 functae
828 2797 913 2861 6116
937 2797 1022 2860 aliud
1046 2815 1157 2878 corpus
1180 2797 1320 2861 iteratae.

176 2903 286 2967 Helias
310 2907 417 2968 autem
439 2921 502 2968 non
526 2923 562 2966 ex
586 2902 765 2966 decessione
785 2902 879 2982 uitae,
904 2902 959 2966 sed
975 2921 1011 2965 66
1026 2901 1231 2966 translatione
1245 2920 1322 2964 uen-

177 3011 267 3071 turus
292 3011 350 3089 661,
374 3027 432 3072 666
455 3009 575 3090 corpori
597 3008 822 3088 restituendus,
846 3008 883 3071 dc
907 3025 1053 3089 666666
1078 3010 1126 3071 661
1149 3008 1321 3089 exemptus

177 3113 234 3177 sed
249 3114 365 3177 mundo
381 3113 566 3193 reddendae,
590 3113 628 3176 de
644 3131 705 3194 666
722 3116 769 3176 661
785 3113 968 3192 1666616166,
992 3131 1054 3177 666
1076 3132 1112 3176 66
1127 3111 1321 3195 postliminio
1348 3137 1374 3176 25

176 3218 273 3296 uitae,
304 3217 359 3280 sed
389 3236 425 3280 66
457 3218 675 3298 supplemento
706 3217 898 3300 prophetiae,
930 3217 1014 3281 idern
1045 3220 1077 3280 61
1106 3217 1183 3299 ipse,
1216 3219 1246 3280 61
1274 3215 1323 3278 661

176 3321 313 3384 nominis
337 3324 369 3385 et
392 3322 440 3385 661
461 3321 607 3385 hominis
646 3322 701 3386 scd
724 3321 878 3403 quomodo
894 3322 1002 3385 Helias
1019 3321 1196 3386 lohannes?
1224 3319 1321 3383 habes

176 3427 282 3508 angeli
302 3416 435 3489 uocem:
467 3429 502 3489 et
533 3427 629 3508 ipse,
659 3427 771 3508 inquit,
802 3426 1002 3508 praecedet
1034 3444 1156 3490 coram
1184 3425 1321 3506 populo

175 3531 215 3593 in
238 3531 379 3594 uirtute
403 3534 437 3593 et
460 3531 497 3593 in
520 3531 657 3612 spiritu
678 3531 826 3610 Heliae,
850 3549 913 3594 666
936 3531 969 3593 16
992 3530 1098 3594 anima
1121 3530 1186 3593 eius
1210 3547 1267 3592 nec
1288 3529 1321 3591 16

282 3745 311 3812 2]
330 3743 569 3814 6116661110.
632 3745 660 3813 4]
685 3745 832 3798 61Μ61116.
851 3747 875 3810 5,
892 3747 925 3800 25
940 3759 977 3812 sq.
1033 3743 1077 3812 16]
1101 3743 1197 3796 Matth.
1219 3746 1259 3808 17,
1280 3746 1319 3798 12.

177 3832 223 3901 17]
242 3831 308 3885 ibid.
323 3835 363 3896 11,
378 3833 417 3886 14.
474 3832 517 3900 19]
536 3830 594 3885 Ioh.
609 3833 631 3895 1,
645 3833 687 3886 21.
741 3831 787 3900 20]
806 3831 868 3885 Mal.
882 3835 907 3896 4,
921 3834 944 3887 5.
999 3830 1220 3899 astaretis.

223 4034 235 4086 l
256 4032 281 4084 ei
299 4032 405 4086 eierasti
423 4033 451 4086 B
521 4031 560 4084 eie
578 4030 719 4084 reddidisti
738 4030 788 4097 (eie
807 4031 1006 4098 1611661666161
1071 4033 1088 4084 4
1107 4029 1205 4083 diaboli
1224 4049 1273 4086 ooo.
1294 4031 1321 4084 A

175 4118 354 4172 exsecutionis
372 4122 399 4173 A
461 4117 567 4188 ttapud
585 4120 620 4186 B,
639 4118 674 4171 ad
692 4119 719 4172 A
783 4121 815 4173 10
834 4133 909 4171 mens
929 4119 964 4186 A,
983 4134 1057 4171 meus
1076 4119 1103 4172 B
1165 4118 1238 4171 aliud
1257 4116 1321 4184 quid

177 4206 317 4259 nocentiae
334 4209 398 4274 fort.
455 4209 486 4260 15
500 4206 537 4258 616
549 4223 601 4261 om.
614 4207 642 4259 A
696 4208 729 4259 16
741 4205 943 4273 patrocinentur
955 4205 1113 4272 praenuntio
1127 4206 1154 4258 A
1208 4207 1240 4260 18
1253 4220 1320 4256 nun-

176 4293 243 4361 quid
262 4294 290 4346 A
354 4297 385 4348 19
403 4292 597 4361 phythagorica
615 4293 642 4345 A
705 4295 739 4346 20
757 4290 939 4359 predicatione
957 4293 984 4344 A
1037 4290 1143 4343 Heliam
1162 4292 1189 4344 B
1242 4293 1275 4346 29
1295 4293 1321 4344 61

175 4397 237 4448 sap.
257 4397 325 4434 acro.
346 4381 373 4432 A
426 4379 655 4433 6116666616666
675 4380 702 4432 A
