3200 5034
276 419 319 484 62
506 422 620 488 Quinti
639 421 780 492 Septimi
798 423 967 478 Illorentis
985 423 1188 478 Tertulliani

276 614 378 677 neque
401 597 630 662 confessionem
651 597 840 682 recipiendo,
866 599 1076 664 iudicantibus
1104 618 1228 681 semper
1248 596 1252 681 Ι
1272 598 1422 661 laboran-

277 700 360 780 dam,
391 719 491 783 neque
520 703 757 784 exquisitionem
785 703 964 787 digerendo,
994 703 1230 768 damnatoribus
1259 720 1385 785 semper
1415 699 1419 784 l

277 805 511 886 consulendam,
541 806 606 870 iam
637 810 765 890 apparet
794 825 887 871 omne
917 809 950 871 in
977 825 1032 872 nos
1059 809 1177 871 crimen
1200 825 1264 871 non
1287 805 1420 870 alicuius

276 906 421 994 scelelris,
450 910 505 973 sed
532 911 668 974 nominis
696 911 795 996 dirigi.
865 912 952 992 adeo,
980 913 1006 975 si
1033 913 1070 975 de
1093 912 1261 976 criminum
1283 910 1421 974 ueritate

236 1037 250 1076 1
276 1017 444 1094 constaret,
467 1015 536 1096 ipsa
556 1015 560 1096 Ι
581 1016 750 1080 criminum
773 1017 901 1080 nomina
922 1016 1079 1080 damnatis
1095 1016 1420 1092 accommodarentur,

276 1121 311 1180 ut
333 1117 379 1182 111
400 1117 663 1206 pronuntiaretur
685 1122 717 1184 in
740 1138 811 1184 nos:
842 1121 934 1184 illum
963 1121 1153 1185 homicidam
1182 1122 1234 1184 uel
1261 1120 1426 1202 incestum·

276 1222 327 1286 uel
350 1223 556 1306 quodcunque
579 1221 740 1310 1111111111
763 1225 834 1288 duci
856 1223 962 1308 suffigi
992 1225 1031 1288 ad
1058 1225 1177 1289 bestias
1207 1224 1275 1288 dari
1304 1223 1420 1305 placet.

275 1342 366 1408 porro
398 1328 571 1392 sententiae
602 1333 726 1394 uestrae
754 1327 758 1410 Ι
786 1329 866 1393 nihil
899 1329 961 1393 nisi
992 1328 1206 1394 Christianum
1238 1328 1420 1392 confessum

276 1435 396 1495 notant.
443 1434 565 1497 nullum
589 1433 727 1497 criminis
751 1451 867 1498 nomeu
890 1436 1000 1513 exstat,
1026 1430 1031 1517 Ι
1058 1434 1118 1498 nisi
1140 1433 1276 1497 nominis
1299 1431 1421 1495 crimen

225 1562 250 1601 ιο
277 1539 334 1599 111.
380 1537 458 1602 haec
487 1538 603 1602 etenim
635 1541 683 1601 est
712 1557 824 1602 reuera
849 1538 930 1602 ratio
957 1539 1054 1602 totius
1081 1537 1143 1601 odii
1166 1533 1326 1622 adnerlsus
1349 1552 1420 1598 nos.

276 1657 391 1704 nomen
414 1642 447 1705 in
470 1659 564 1705 causa
587 1646 645 1722 est,
677 1643 759 1724 quod
788 1642 944 1723 quaedam
972 1643 1094 1706 occulta
1120 1642 1169 1704 uis
1196 1660 1253 1723 per
1280 1642 1421 1704 uestram

275 1742 493 1829 ignolrantiam
516 1750 687 1829 oppugnat,
711 1751 747 1810 ut
768 1747 872 1810 nolitis
896 1748 975 1810 scire
997 1765 1053 1828 pro
1076 1749 1161 1809 certo
1184 1745 1267 1826 quod
1290 1763 1347 1808 uos
1362 1759 1420 1824 pro

277 1851 361 1912 certo
393 1846 521 1933 11111111
552 1851 629 1914 11111
659 1853 743 1931 ostie,
776 1854 808 1914 et
834 1850 903 1914 ideo
931 1869 989 1914 nec
1011 1850 1136 1915 creditis
1160 1868 1239 1932 quae
1262 1867 1325 1913 non
1347 1863 1421 1930 pro-

275 1953 401 2034 bantur,
435 1958 466 2018 ct
495 1973 534 2017 ne
564 1955 769 2038 reprobentur
800 1952 805 2039 Ι
836 1955 937 2035 facile,
969 1973 1031 2019 non
1062 1955 1157 2019 uultis
1184 1953 1350 2034 inquirere,
1385 1954 1422 2015 ut

186 2068 189 2074 ’
226 2082 250 2120 a
277 2075 392 2121 nomen
415 2058 577 2122 inimicum
600 2059 657 2122 sub
674 2059 927 2142 praesumptione
947 2058 951 2142 l
971 2059 1137 2122 criminum
1152 2058 1310 2140 puniatur.
1342 2055 1421 2119 adeo

256 2164 312 2256 ,111
343 2163 381 2226 de
411 2163 536 2226 nominc
566 2163 691 2227 inimico
721 2163 893 2243 recedatur,
923 2160 932 2248 11
958 2163 1030 2227 ideo
1054 2181 1168 2246 negare
1192 2161 1421 2244 compellimur,
1442 2165 1487 2220 13

210 2303 213 2308 -
250 2253 254 2259 ’
276 2267 389 2330 dehinc
412 2271 564 2350 negantes
586 2266 767 2348 liberamur,
791 2271 858 2332 tota
871 2265 1069 2352 impuniltate
1084 2267 1334 2350 praeteritorum,
1356 2265 1422 2328 iam

277 2389 339 2434 non
363 2371 483 2435 cruenti
506 2390 606 2452 neque
628 2372 750 2452 incesti,
785 2372 859 2453 quia
886 2389 1000 2435 nomen
1023 2372 1100 2435 illud
1123 2371 1298 2435 amisimus.
1329 2368 1334 2447 Ι
1364 2368 1423 2431 sed

277 2474 353 2538 dum
375 2475 452 2538 haec
474 2476 553 2540 ratio
578 2494 633 2540 suo
656 2477 723 2540 loco
746 2477 929 2557 ostenditur,
953 2494 1009 2540 uos
1033 2494 1128 2558 quam
1146 2471 1358 2559 insequilmini
1381 2472 1423 2536 ad

224 2601 250 2642 ro
278 2579 539 2662 expugnationem
562 2580 707 2661 nominis,
739 2582 834 2645 edite:
869 2581 951 2662 quod
982 2581 1119 2644 nominis
1150 2581 1279 2659 crimen,
1311 2573 1419 2660 quael

277 2681 405 2762 offensa,
429 2702 510 2765 quae
526 2685 638 2766 culpa?
661 2684 883 2766 praescribitur
898 2685 983 2748 onim
998 2685 1087 2749 uobis
1104 2702 1166 2748 non
1182 2701 1273 2766 posse
1289 2681 1423 2745 crimina

277 2786 399 2850 obicere
419 2785 423 2872 Ι
444 2806 523 2868 qnae
547 2807 648 2870 neque
670 2789 851 2853 institutum
874 2789 982 2872 dirigit
1000 2807 1102 2870 neque
1117 2788 1259 2871 probatio
1275 2787 1424 2869 adsignat

277 3014 330 3060 reo
346 2997 531 3078 inquiratur,
556 2997 637 3078 quod
657 2993 661 3080 1
681 2997 888 3079 respondetur
902 2998 954 3060 uel
970 2999 1114 3080 negatur,
1138 2997 1220 3078 quod
1236 2997 1275 3060 de
1290 2994 1421 3060 consilio

224 3123 250 3164 aa
276 3101 436 3180 recitatur,
464 3100 495 3163 id
517 3119 608 3164 reum
631 3119 775 3184 agnosco.
801 3099 807 3184 Ι
830 3094 935 3182 itaque
964 3102 1002 3165 de
1025 3101 1160 3165 nominis
1183 3102 1296 3164 merito
1319 3097 1423 3180 siqui

275 3207 382 3268 reatus
406 3208 454 3268 est
476 3204 649 3284 nominum,
674 3205 784 3286 siqua
809 3205 964 3269 accusatio
987 3203 1232 3290 uocalbulorum,
1257 3221 1314 3288 ego
1339 3203 1423 3266 arbi-

276 3310 340 3372 tror
367 3308 488 3372 nullam
514 3326 582 3371 esse
609 3307 761 3372 uocabulo
789 3312 844 3373 aut
870 3310 989 3373 nomini
1017 3309 1198 3391 querellam,
1226 3306 1321 3392 11111
1349 3325 1424 3370 cum

277 3411 350 3493 quid
373 3416 429 3475 aut
449 3411 620 3476 barbarum
643 3416 733 3476 sonat
756 3415 811 3476 aut
833 3413 1008 3477 infaustum
1030 3413 1114 3495 sapit
1136 3414 1188 3477 uel
1210 3408 1421 3495 inpudicum!

276 2910 377 2973 neque
401 2893 559 2956 sententia
581 2889 760 2976 1111111111.
807 2894 891 2974 quod
919 2893 1056 2976 praesidi
1087 2892 1244 2972 offeratur,
1275 2891 1359 2973 quod
1382 2889 1421 2953 de

1591 3050 1592 3101 l

1591 3274 1592 3321 l

277 3516 328 3578 uel
359 3517 449 3579 aliter
479 3533 576 3597 quam
605 3517 822 3580 enuntiantem
853 3517 963 3581 deceat
991 3521 1045 3581 111
1072 3517 1253 3581 audientem
1276 3517 1423 3581 delectet.
1591 3480 1593 3573 1

322 3670 335 3723 1
361 3667 549 3722 elaborandam
572 3673 635 3738 fort.
708 3670 876 3725 anamnesis
899 3671 1132 3725 accommodarent
1154 3673 1248 3738 (immo
1271 3685 1424 3725 accommo-

278 3754 416 3822 darentur)
434 3757 503 3826 Rip:
525 3756 695 3810 damnarctis.
718 3755 762 3809 An
785 3758 987 3823 commodarent
1004 3759 1040 3822 A,
1068 3757 1232 3812 damnaretis
1255 3775 1287 3812 11
1305 3774 1424 3811 commc-

278 3842 373 3896 darent
392 3843 473 3911 Goth,
496 3843 662 3907 damnarent,
687 3843 710 3895 si
733 3845 966 3898 accommodarent
987 3846 1113 3901 Oeblenas
1185 3849 1200 3900 7
1224 3844 1318 3913 suffigi
1337 3845 1427 3902 Gora:

277 3929 366 3982 suffici
384 3931 411 3983 A
476 3929 669 3986 8cristianum
686 3929 714 3982 A
786 3931 936 3985 11111111
953 3932 1076 3987 11111111
1094 3933 1122 3987 A
1195 3934 1228 3987 14
1245 3931 1425 4002 reprobentur

280 4017 365 4072 Goth:
382 4015 530 4085 probentur
541 4018 569 4070 A
622 4014 704 4069 falsae
717 4017 938 4087 Haucrcampiae
991 4021 1025 4073 20
1043 4021 1090 4074 alt.
1104 4019 1221 4072 nominis
1239 4019 1425 4089 (1111111111

279 4103 458 4169 aristarco.)
471 4104 498 4156 A
546 4102 647 4156 crimen
659 4104 690 4156 11
701 4120 755 4157 ras.
769 4105 796 4157 A
842 4107 876 4158 22
888 4105 1026 4173 inquisitio
1038 4108 1111 4174 fort,
1129 4106 1262 4160 indicium
1276 4108 1427 4174 Wiesowa3

277 4189 434 4243 institutum
452 4190 481 4256 (o'.
494 4206 516 4244 c.
528 4188 580 4257 lex)
599 4189 697 4257 digerit
714 4190 857 4246 Horteliuc
932 4191 1055 4260 probatio
1072 4194 1245 4262 Leopoldus:
1262 4192 1377 4262 prolatio
1395 4194 1425 4247 A

278 4277 312 4332 23
335 4275 470 4330 sententia
490 4278 629 4329 enumerat
653 4276 737 4331 Gotb:
759 4278 906 4331 sententiae
928 4282 1052 4332 numerat
1073 4281 1101 4334 A
1172 4282 1206 4336 27
1229 4280 1332 4334 nomini
1353 4280 1426 4350 Rip:

278 4362 385 4416 nomine
403 4364 431 4418 A
