3200 5034
256 463 319 526 114
482 462 597 529 Quinti
616 462 754 530 Septimi
772 460 942 516 Florentis
961 458 1164 514 Tertulliani

255 637 314 701 sibi
341 637 379 701 ab
407 638 553 717 Hercule,
584 637 689 718 utique
718 636 891 723 impetrat,
922 639 957 700 ut
981 636 1124 718 legitimo
1153 632 1286 698 conubio
1313 649 1394 695 com-

254 738 462 826 mis,1ceantur
493 740 569 824 (non
600 742 685 805 enim
718 741 846 823 impune
880 740 977 825 licuit
1011 757 1083 802 curn
1117 739 1166 803 dei
1195 741 1298 802 scorto
1330 755 1396 800 rcm

254 844 429 929 habuissc);
461 847 571 909 coniux
601 844 767 930 here,ldem
795 863 917 926 quoque
949 843 1065 908 scribit.
1111 860 1183 907 mor
1212 843 1269 906 illa
1294 859 1396 925 prope

255 952 388 1014 mortem
411 951 526 1033 populo
549 950 690 1014 Romano
713 951 832 1032 legauit
854 967 958 1033 quem,
985 948 990 1029 Ι
1016 968 1073 1030 per
1095 948 1266 1011 Herculem
1296 946 1398 1009 fuerat

216 1079 228 1119 s
253 1054 395 1117 insecuta
411 1073 522 1138 agrum
543 1055 630 1139 ,satis
654 1055 805 1136 amplum.
843 1054 918 1116 hinc
940 1052 1103 1136 quaesiuit,
1122 1048 1127 1137 1
1147 1052 1346 1115 diuinitatem
1369 1053 1397 1113 et

254 1157 379 1221 filiabus
403 1159 477 1238 suis,
506 1176 582 1240 quas
607 1162 639 1221 et
659 1159 743 1239 ipsas
766 1157 906 1242 heredes
929 1157 1093 1221 instituere
1117 1154 1235 1240 debuit,
1261 1156 1265 1234 1
1293 1154 1399 1218 diuina

254 1262 433 1327 Larentina.
470 1262 684 1327 Romanorum
709 1262 840 1326 numina
862 1261 1021 1347 dignitate
1053 1260 1119 1324 cius
1150 1262 1251 1323 aucta.
1286 1278 1397 1341 nempe

256 1363 340 1451 salla
355 1367 392 1430 de
413 1369 460 1430 tot
483 1366 630 1431 uxoribus
646 1365 790 1429 Herculis
814 1384 896 1445 cara,
920 1366 987 1429 sola
1009 1365 1092 1428 enim
1116 1364 1213 1444 dines,
1235 1364 1397 1449 ,longeque

256 1471 332 1535 adeo
356 1468 494 1556 fclicipor
517 1469 638 1551 Cerere,
673 1488 753 1552 qnae
782 1473 904 1533 mortuo
931 1469 1058 1553 placuit.
1126 1471 1174 1532 tot
1196 1468 1346 1550 exemplis
1370 1470 1399 1531 et

204 1600 230 1637 10
256 1575 604 1661 11011010111111101111111
638 1572 642 1659 Ι
678 1576 747 1657 quis
770 1592 834 1638 non
857 1573 932 1637 deus
960 1573 1110 1637 affirmari
1139 1573 1264 1653 potuit?
1332 1573 1399 1655 quis

257 1679 389 1761 denique
412 1677 550 1743 Antinoo
574 1678 828 1764 contonersiam
851 1676 1041 1762 diuinitatis
1065 1677 1219 1761 agitauit?
1264 1693 1324 1758 quo
1348 1677 1399 1739 de÷

257 1784 354 1847 corior
377 1782 574 1866 Ganymedes
602 1786 656 1847 aut
678 1783 777 1847 carior
800 1800 856 1845 suo
881 1774 1040 1865 amatori?
1084 1783 1182 1865 patet,
1205 1780 1210 1859 Ι
1234 1781 1317 1863 apud
1345 1798 1399 1845 uos

257 1888 388 1951 mortuis
412 1889 543 1967 caelum,
575 1887 628 1950 nia
651 1886 689 1950 ab
713 1886 823 1950 inferis
847 1886 886 1949 ad
914 1889 1000 1949 astra
1023 1885 1168 1968 subigitis
1192 1885 1334 1969 passim:
1357 1886 1401 1947 ita

258 1989 378 2077 scorpta
408 1991 591 2071 ascendunt,
624 2008 663 2053 ne
693 1992 830 2054 multum
861 1991 978 2073 putetis
1008 2007 1064 2053 uos
1091 1992 1250 2072 praestare
1274 1988 1400 2072 regibus

208 2118 232 2158 11
258 2096 382 2159 uestris.
1158 2117 1161 2121 ’

305 2199 354 2263 11.
378 2200 454 2285 Nec
469 2199 611 2284 Romani,
624 2196 628 2285 Ι
642 2199 781 2262 contenti
803 2215 855 2261 eos
876 2198 949 2261 deos
965 2215 1145 2261 asseuerare
1162 2198 1215 2279 qui
1231 2197 1294 2261 uisi
1308 2200 1401 2276 retro,

259 2304 358 2368 auditi
378 2304 621 2384 contrectatique
642 2305 725 2382 sunt,
748 2299 917 2387 ,quorum,l
933 2301 1053 2385 effigies
1070 2302 1254 2384 descriptae,
1278 2302 1402 2384 negotia

259 2408 394 2492 digesta,
423 2408 591 2471 memoriae
621 2410 822 2490 propagatae,
850 2406 987 2490 umbras
1016 2402 1154 2492 alipquas
1182 2406 1401 2488 incorporales,

260 2512 445 2576 inanimales
474 2514 505 2574 et
529 2512 656 2575 nomina
679 2511 716 2574 dc
741 2510 835 2574 rebus
860 2509 1036 2594 efflagitant
1057 2511 1214 2596 ,deosque
1233 2506 1238 2591 Ι
1258 2511 1403 2574 sanciunt

208 2639 233 2678 10
261 2615 434 2680 diuidentes
466 2634 592 2679 omnem
624 2618 742 2679 statum
775 2615 911 2679 hominis
946 2615 1079 2698 singulis
1113 2614 1330 2698 potestatibus
1364 2613 1402 2677 ab

305 2842 318 2895 l
338 2840 473 2909 impetrat,
493 2841 524 2892 nt
540 2838 661 2907 legitimo
681 2837 814 2892 connubio
837 2838 978 2894 Oeblerus:
996 2841 1023 2892 et
1040 2838 1161 2907 legitimo
1180 2837 1312 2892 connubio
1333 2837 1404 2893 Gctb

261 2926 482 2981 commisceantur
504 2926 642 2980 Oebteros:
661 2928 770 2978 centaur
788 2926 824 2993 A,
843 2926 1051 2979 commiscentur
1071 2926 1142 2982 Goth
1212 2928 1228 2980 2
1246 2924 1325 2979 licuit
1343 2941 1403 2977 011111

261 3012 303 3065 dei
321 3015 407 3067 scorto
426 3029 483 3066 rem
501 3011 637 3075 habuisse3
657 3012 751 3065 coniux
769 3011 895 3065 heredem
917 3011 1057 3068 Oebleme:
1073 3012 1193 3065 licuisset
1209 3011 1306 3080 lupari.
1343 3011 1403 3064 inde

260 3099 433 3152 Larentinam
452 3101 479 3152 et
495 3097 620 3151 heredem
642 3098 713 3153 Goth
782 3101 798 3153 3
816 3114 897 3167 prope
916 3101 1030 3151 mortem
1048 3098 1147 3167 populo
1166 3099 1286 3152 Romano
1304 3098 1404 3166 legauit

261 3201 340 3253 quem
357 3186 496 3240 Oebleras:
513 3200 594 3254 prope
607 3187 721 3237 mortem
734 3183 832 3254 populo
845 3186 965 3237 Romano
978 3185 1086 3252 reliquit
1105 3201 1171 3252 quae
1186 3187 1258 3240 Goth
1311 3184 1404 3239 41111-

262 3271 364 3325 culaem
382 3273 410 3326 A
480 3275 496 3326 5
520 3272 583 3323 satis
607 3270 734 3340 amplum.
757 3271 822 3324 hinc
840 3272 973 3339 quaesiuit
994 3272 1133 3327 oehlerus:
1155 3271 1292 3335 Turacem,
1312 3271 1404 3324 Semu—

262 3359 339 3423 rium,
358 3346 501 3422 Lutirium,
521 3356 660 3412 Sclinium.
679 3358 742 3412 hinc
761 3359 894 3425 quaesiuit
915 3358 987 3413 Gora
1040 3358 1184 3413 theretes
1202 3358 1343 3412 instituere
1361 3356 1404 3409 de

261 3445 321 3500 buit
341 3445 413 3501 Gora
474 3449 490 3499 1
509 3444 640 3513 dignitate
658 3445 715 3497 eius
734 3448 821 3498 aucta.
840 3461 935 3515 nempe
954 3445 1010 3498 sola
1031 3445 1103 3500 Gora
1157 3450 1174 3503 8
1191 3445 1322 3513 longeque
1341 3444 1404 3497 adeo

262 3532 365 3586 felicior
380 3532 451 3587 Goth
505 3534 538 3587 10
556 3531 626 3585 uotis
645 3531 728 3585 totius
747 3531 839 3600 populi
854 3531 940 3587 cota.-
958 3531 1112 3585 nominibus
1131 3531 1203 3600 apud
1215 3548 1263 3585 uos
1280 3531 1405 3587 Oeblenes

166 3654 167 3657 =
264 3622 295 3674 11
315 3619 522 3673 controuersiam
542 3617 692 3672 diuinitatis
713 3618 785 3673 Goth
856 3635 907 3686 qno
929 3618 1068 3675 Oebleruc:
1091 3618 1162 3687 qnod
1180 3620 1208 3673 A
1279 3621 1312 3674 12
1331 3618 1406 3686 gani-

263 3706 353 3759 medes
370 3707 398 3760 A
417 3724 483 3761 corr.
538 3708 612 3774 patet
630 3707 866 3775 Harcercampiue:
884 3706 967 3773 igitur
988 3706 1059 3762 Gora
1117 3708 1149 3761 13
1168 3705 1293 3773 mortuis]
1312 3705 1406 3758 scortis

263 3794 326 3861 fort.
399 3792 508 3845 caelum.
529 3792 602 3845 uiam
620 3794 703 3862 calpe
768 3792 814 3844 uia
831 3794 944 3861 scripsi:
961 3792 1035 3845 uiam
1052 3794 1080 3847 A
1145 3791 1280 3861 subigitur
1297 3793 1406 3847 Hace-

263 3882 387 3949 ecmpa'us
431 3882 502 3933 astra
514 3878 645 3946 subigitis.
663 3878 764 3947 passim
776 3880 860 3948 calpe
904 3879 1017 3949 passim:
1030 3879 1069 3932 ita
1081 3882 1167 3933 scorta
1178 3881 1365 3949 seripsepass
1380 3921 1405 3933 ..

265 3970 373 4023 ...aa
390 3968 425 4035 A,
444 3967 544 4035 passim
563 3965 609 4018 alii
627 3966 665 4019 ita
685 3966 765 4035 dota,
783 3966 885 4033 passim
902 3966 942 4019 ita
960 3966 1080 4019 catamiti
1097 3968 1329 4036 Hauercompiue,
1347 3982 1407 4035 pas-

265 4055 315 4109 sim
334 4057 421 4107 scorta
442 4054 567 4110 Oebierue
622 4055 654 4107 16
672 4068 721 4106 nec
739 4053 854 4106 Romani
869 4052 953 4109 Gora.-
971 4069 1019 4107 nec
1037 4045 1101 4107 estis
1113 4055 1341 4122 Hildebroadias,
1359 4069 1408 4106 nec

265 4182 351 4196 .....
364 4140 458 4208 Hasd,
477 4156 531 4194 non
551 4139 636 4195 cota*
695 4142 861 4208 liquorum
880 4140 953 4195 Gotb
1012 4142 1044 4195 18
1062 4140 1204 4194 memoriae
1221 4142 1335 4210 scripsi:
1352 4155 1408 4192 me-

264 4228 349 4283 moria
367 4229 395 4282 A
451 4229 611 4297 propagatae
629 4228 741 4296 scripsi:
762 4230 907 4296 propagate
929 4228 964 4297 A,
986 4230 1134 4296 propagata
1158 4228 1229 4283 Golia
1298 4226 1409 4280 umbras

265 4315 367 4383 aliquas
387 4314 598 4371 (1011110101
616 4314 704 4367 nescio
726 4329 790 4381 quas
808 4316 865 4384 Rip
937 4316 969 4369 19
990 4314 1102 4367 numina
1122 4316 1194 4369 Gctb
1264 4313 1410 4383 effigurant

265 4404 329 4473 fort.
397 4401 510 4469 deosque
531 4401 617 4456 Gotb:
635 4401 707 4455 caelo
726 4403 754 4455 et
775 4401 901 4456 Oebleruc
960 4404 994 4457 20
1012 4400 1189 4471 potestatibus
1207 4399 1241 4455 ab
1259 4400 1316 4471 ipso
1336 4401 1410 4459 dota
