3200 5034
552 441 583 493 x.
604 440 648 493 ne
667 439 774 492 anima
791 442 903 495 30-31.
1240 438 1301 502 351

157 633 231 680 cum
265 619 297 679 et
330 635 414 680 nunc
444 616 551 698 plures
582 614 704 679 animae
736 616 774 679 de
805 634 868 679 una
897 615 1107 698 proferuntur.
1131 614 1208 678 item
1232 609 1304 678 cum

156 720 245 783 uaria
274 724 377 784 aetate
400 720 563 784 discedant
590 720 727 800 animae,
758 739 814 783 cur
842 739 904 783 una
927 722 1149 784 reuertuntur?
1195 737 1303 782 onrnes

157 823 244 888 enim
274 824 313 888 ab
345 825 480 889 infantia
508 825 703 888 imbuuntur.
750 825 842 905 quale
873 827 921 887 est
948 826 1053 887 autem
1077 827 1111 887 ut
1135 842 1228 887 senex
1251 824 1304 887 de-

157 929 284 992 functus
322 930 425 994 infans
464 932 662 993 reuertatur?
701 929 728 991 si
767 928 918 991 decrescit
955 928 1031 992 foris
1070 928 1174 992 anima
1207 930 1305 991 retro-

157 1034 255 1115 grada
285 1037 402 1114 aetate,
434 1037 550 1115 quanto
581 1034 682 1116 magis
714 1036 781 1096 erat
811 1036 847 1096 ut
877 1033 1070 1115 progressior
1096 1035 1304 1096 reuerteretur
1345 1059 1357 1098 c

157 1139 244 1203 mille
267 1142 338 1221 post
361 1139 472 1202 annis?
513 1142 597 1202 certe
621 1138 671 1201 uel
695 1140 865 1201 coaetanea
889 1155 963 1200 suae
988 1137 1109 1218 mortiS,
1132 1140 1167 1200 ut
1190 1155 1304 1200 aeuum

157 1243 240 1323 quod
269 1244 448 1324 reliquisset
478 1243 594 1306 iterum
620 1243 798 1326 recepisset.
846 1242 901 1306 sed
926 1245 956 1305 et
979 1242 1006 1305 si
1030 1242 1158 1305 eaedem
1181 1259 1305 1322 semper

157 1347 406 1428 reuoluerentur,
422 1348 496 1411 licet
511 1366 573 1411 non
590 1365 754 1429 corporum
771 1364 894 1428 quoque
912 1347 1028 1410 formas
1046 1347 1181 1426 easdem,
1198 1348 1305 1409 tamen

158 1452 210 1514 uel
241 1452 439 1534 ingeniorum
467 1455 498 1515 et
520 1449 697 1516 studiorum
718 1454 750 1515 et
771 1451 973 1514 affectionum
996 1451 1145 1533 pristinas
1169 1451 1306 1532 proprie-

156 1559 238 1619 tates
269 1575 375 1620 secum
406 1546 520 1621 referre
548 1557 711 1636 deberent,
744 1557 890 1637 quoniam
915 1559 1033 1620 temere
1058 1555 1185 1620 eaedem
1208 1555 1306 1620 habe·
1333 1580 1358 1618 10

159 1665 268 1725 rentur
291 1664 432 1725 carentes
456 1661 506 1724 his
529 1681 584 1743 per
609 1680 687 1743 quae
711 1661 840 1724 eaedem
863 1660 1080 1742 probarentur.
1116 1659 1197 1724 unde
1214 1659 1305 1739 sciaS,

157 1765 279 1846 inquis,
310 1785 350 1829 an
381 1767 424 1829 ita
455 1765 581 1846 quidem
603 1765 657 1829 fiat
682 1766 816 1845 occulte,
849 1765 904 1828 sed
927 1765 1066 1830 condicio
1089 1765 1213 1828 miliarii
1237 1763 1307 1828 aeui

156 1870 320 1933 interimat
341 1870 526 1934 facultatem
548 1870 744 1950 recensendi,
777 1870 850 1950 quia
872 1870 996 1952 ignotae
1019 1869 1063 1932 ibi
1085 1872 1306 1932 reuertuntur?

158 1973 269 2054 atquin
300 1974 364 2038 scio
395 1993 457 2038 non
488 1975 532 2038 ita
563 1974 644 2054 fieri,
677 1994 749 2038 oum
771 1975 972 2057 Pythagoran
996 1973 1201 2056 Euphorbum
1229 1973 1307 2036 mihi

158 2077 299 2159 opponis.
347 2097 417 2142 ecce
449 2079 532 2143 eninr
556 2076 776 2161 Euphorbum,
808 2078 976 2142 militarem
1008 2081 1039 2141 et
1068 2078 1216 2141 bellicam
1240 2077 1307 2140 ani·
1334 2100 1360 2140 15

158 2200 246 2245 mam
269 2183 344 2246 satis
368 2186 457 2270 const
478 2187 491 2247 t
513 2185 565 2247 uel
588 2184 626 2246 de
649 2184 717 2265 ipsa
740 2183 841 2266 gloria
856 2183 1028 2265 clipeorum
1045 2185 1306 2261 consecratorum,

157 2287 362 2370 Pythagoran
392 2306 466 2352 uero
497 2291 564 2351 tam
593 2287 728 2351 residem
760 2291 791 2351 et
820 2287 987 2367 inbellem,
1020 2289 1056 2350 ut
1085 2286 1202 2368 proelia
1232 2289 1307 2349 tunc

158 2389 310 2456 Graeciae
340 2392 444 2456 uitans
467 2392 577 2456 Italiac
605 2392 753 2456 maluerit
777 2393 914 2474 quietem
938 2381 1129 2474 geometriae
1153 2393 1184 2453 et
1208 2393 1308 2454 astro-

158 2495 262 2578 logiae
286 2500 318 2560 ct
340 2497 479 2560 musicae
502 2497 644 2583 deuotus,
674 2498 794 2560 alienus
819 2496 920 2560 studio
945 2499 977 2559 et
999 2495 1115 2558 affectu
1137 2494 1305 2577 Euphorbi.

58 2606 79 2660 f.
89 2609 148 2661 143
163 2600 221 2663 sed
237 2603 269 2664 et
283 2601 422 2683 Pyrrhus
437 2601 490 2664 ille
506 2602 652 2665 fallendis
668 2600 807 2685 piscibus
823 2599 946 2683 agebat,
968 2596 972 2684 Ι
991 2599 1185 2681 Pythagoras
1201 2602 1309 2662 contra
1335 2625 1361 2662 eo

159 2723 219 2767 nec
250 2703 391 2786 edendis,
422 2709 457 2769 ut
487 2705 676 2769 animalibus
707 2705 880 2769 abstinens.
927 2704 1110 2768 Aethalides
1142 2707 1249 2768 autem
1277 2706 1309 2766 et

158 2809 378 2873 Hermotimus
409 2810 516 2873 fabam
547 2827 670 2891 quoque
700 2810 733 2872 in
763 2809 888 2892 pabulis
916 2808 1135 2872 communibus
1158 2809 1307 2887 inruerat,

158 2913 356 2996 Pythagoras
379 2932 453 2978 uero
477 2933 516 2978 ne
538 2933 594 2997 per
616 2913 734 2978 fabalia
756 2914 884 2995 quidem
905 2913 1131 2977 transeundum
1147 2912 1307 2994 discipulis

159 3017 228 3080 suis
250 3019 384 3082 tradidit.
420 3019 574 3100 quomodo
599 3037 671 3102 ergo
688 3019 816 3082 eaedem
833 3018 957 3082 animae
973 3020 1207 3101 recuperantur,
1229 3033 1308 3098 quae

206 3263 223 3315 2
246 3261 390 3314 uaria-etate
413 3262 441 3314 A
521 3260 651 3314 decedant
676 3262 726 3316 cer
805 3264 821 3316 3
844 3260 1011 3324 imbuuntur,
1036 3275 1087 3327 qua
1109 3259 1198 3313 infans
1222 3276 1308 3312 reuer-

159 3351 238 3400 tatur
263 3348 420 3413 (reuertitur
445 3348 521 3415 Iun).
550 3347 631 3414 Quale
658 3349 686 3402 Β
750 3349 767 3401 4
794 3347 970 3415 retrogradus
996 3349 1024 3401 A
1095 3350 1110 3402 7
1138 3346 1245 3400 caedem
1272 3349 1308 3414 Β,

159 3433 256 3487 aedem
278 3435 314 3502 A,
337 3434 429 3488 eadem
451 3437 524 3504 Bmy
585 3437 601 3489 8
624 3433 738 3497 easdem,
761 3433 825 3487 licet
848 3450 902 3486 non
924 3433 1063 3486 flaturum:
1091 3436 1182 3487 tamen
1205 3449 1309 3501 quoque

159 3521 246 3574 fortes
273 3537 362 3575 casam
388 3521 432 3575 uel
457 3521 626 3590 ingeniorum
652 3523 679 3575 Β
751 3524 767 3576 9
795 3521 976 3574 adiectionum
1003 3518 1029 3574 B
1102 3524 1134 3576 10
1162 3520 1254 3574 aedem
1281 3521 1308 3574 A

162 3610 197 3663 12
219 3607 322 3680 occultp
349 3609 377 3662 A
449 3611 481 3664 13
507 3607 696 3662 reminiscendi
722 3610 786 3676 fort.
859 3607 922 3674 quia
939 3608 1047 3675 ignotae
1065 3606 1103 3660 ibi
1121 3609 1234 3677 scripsi:
1257 3623 1308 3674 qua

160 3695 255 3762 ignota
276 3698 304 3748 et
330 3693 367 3748 ibi
385 3696 422 3764 A,
449 3695 511 3762 quia
533 3695 656 3762 ignorata
678 3697 705 3748 et
731 3694 768 3747 ibi
787 3695 823 3763 Β,
850 3694 913 3762 quia
930 3694 1023 3762 ignota
1046 3697 1072 3748 et
1095 3692 1146 3747 sibi
1164 3696 1308 3762 Monoecus,

161 3781 227 3850 quia
247 3781 354 3850 ignotae
377 3781 427 3835 tibi
449 3783 506 3852 Rip
569 3784 601 3836 14
619 3781 796 3850 pythagoram
816 3782 843 3834 B
906 3780 1087 3850 *aeuporhum
1105 3783 1132 3835 A
1199 3785 1231 3836 15
1250 3797 1308 3834 ecce

161 3868 234 3922 enim
256 3867 432 3938 Euphorbum
453 3869 524 3938 Rip:
549 3884 607 3921 ecce
630 3867 702 3921 enim
725 3866 900 3936 Euphorbum
924 3868 990 3921 mihi
1013 3868 1133 3936 opponis,
1157 3883 1215 3921 ecce
1238 3867 1308 3920 enim

161 3955 338 4023 Euphorbum
364 3957 399 4023 Β,
421 3971 481 4008 ecce
499 3955 571 4008 enim
589 3956 616 4009 A
697 3957 730 4009 16
749 3957 915 4008 consecrator
933 3956 981 4009 A·
1033 3957 1063 4009 17
1083 3955 1262 4022 pythagoram
1281 3956 1308 4008 Β

160 4043 247 4112 prplia
274 4045 302 4097 A
374 4045 406 4098 18
429 4043 547 4110 graetiae
569 4043 595 4096 A
667 4042 696 4094 in
719 4041 809 4095 italiae
832 4043 859 4096 A
931 4042 1018 4109 quiete
1042 4043 1069 4095 A
1140 4044 1174 4096 20
1197 4040 1309 4094 fallendi

160 4131 189 4184 A
208 4148 276 4186 corr.
348 4131 381 4185 21
401 4145 449 4182 nec
467 4129 576 4182 edendis
594 4128 630 4195 Β,
652 4128 806 4181 recedendis
825 4131 853 4183 A
923 4127 1077 4181 Aethalides
1100 4129 1171 4197 Rip:
1192 4127 1309 4196 cephali-

161 4217 209 4270 des
233 4218 290 4271 AB
360 4219 393 4271 22
416 4217 600 4270 Hermotimus
628 4217 736 4270 Pacius
762 4217 940 4285 Leopurolus:
966 4215 1130 4282 Hermippus
1152 4217 1188 4281 Β,
1211 4215 1309 4282 ermip-

160 4321 213 4372 pus
234 4305 260 4358 A
319 4303 458 4355 inuenerat
480 4305 554 4371 fort,
577 4303 696 4355 insuerat
720 4304 764 4368 (=
789 4303 942 4355 insuauerat
960 4303 995 4369 ef.
1009 4303 1041 4356 dc
1058 4308 1137 4370 speci.
1153 4319 1173 4356 c.
1186 4303 1214 4368 1)
1233 4302 1309 4356 Hur-

159 4393 243 4446 telios
296 4392 331 4446 24
350 4389 442 4442 aedem
461 4392 488 4444 A
