3200 5034
509 448 583 503 VIII.
603 449 647 502 De
666 449 830 518 pudicItia
848 452 960 505 21-22.
1244 450 1305 515 271

162 627 194 687 et
223 624 263 687 ad
293 623 458 688 ecclesiam
488 628 519 689 et
541 625 668 706 quidem
690 629 789 706 tuam,
817 626 985 709 psychice?
1025 627 1198 691 seeundum
1222 627 1307 691 enim

161 727 247 791 Petri
276 746 444 811 personam
474 728 668 812 spiritalibus
697 732 838 811 potestas
869 731 930 794 ista
961 732 1125 795 conueniet
1152 735 1207 795 aut
1234 749 1307 813 apo-

161 832 241 895 stolo
272 835 325 897 aul
357 833 536 915 prophetae.
575 852 649 897 uam
681 837 712 898 et
742 834 811 916 ipsa
842 835 972 899 eeclesia
994 835 1117 918 proprie
1140 838 1172 899 et
1194 835 1308 918 princi·
1348 861 1352 876 ·

160 937 274 1019 paliter
297 937 364 1019 ipse
388 940 436 1003 est
458 938 596 1020 spiritus,
626 938 659 1001 iu
690 956 752 1020 quo
783 941 832 1002 est
854 939 979 1003 trinitas
1002 940 1094 1003 unlus
1122 939 1307 1020 diuinitatis,

160 1044 251 1123 pater
281 1045 313 1106 et
341 1041 424 1105 filius
448 1046 480 1106 et
509 1042 635 1124 spiritus
660 1046 797 1107 sauctus.
836 1043 926 1107 illam
949 1044 1114 1108 ecclesiam
1138 1047 1307 1128 congregat
1347 1070 1359 1109 a

160 1164 256 1227 quam
280 1147 424 1212 domiuus
447 1147 480 1210 iu
503 1146 604 1211 tribus
628 1148 743 1229 posuit.
781 1149 874 1229 atque
897 1148 943 1211 ita
959 1148 1067 1212 exinde
1084 1148 1180 1213 etiam
1196 1167 1307 1212 nume-

160 1269 215 1314 rus
239 1251 340 1315 omnis
363 1250 415 1333 qui
438 1251 471 1315 iu
494 1251 574 1315 hano
596 1250 693 1315 fidem
713 1252 962 1334 conspirauerint
978 1252 1110 1317 ccclesia
1126 1252 1165 1316 ab
1182 1256 1307 1317 auctore

161 1357 193 1417 et
222 1358 436 1420 consecratore
468 1358 620 1420 censetur.
659 1359 692 1420 et
722 1355 791 1419 ideo
815 1357 947 1420 ecclesia
970 1356 1094 1438 quidem
1118 1356 1230 1422 delicta
1254 1358 1307 1420 do·

160 1458 259 1539 nabit,
283 1460 338 1523 sed
355 1460 486 1524 ecclesia
501 1461 629 1542 spiritus
645 1480 700 1543 per
716 1461 889 1543 spiritalem
905 1461 1076 1542 hominem,
1098 1480 1159 1526 non
1176 1462 1307 1525 ecclesia

160 1582 312 1628 numerus
343 1565 568 1647 episcoporum.
608 1565 725 1628 domini
756 1565 853 1645 euim,
884 1584 946 1629 non
977 1566 1089 1631 famuli
1119 1570 1168 1630 est
1197 1568 1246 1630 ius
1275 1568 1306 1629 et
1334 1592 1359 1631 ro

160 1667 343 1743 arbitrium3
367 1668 417 1732 dei
439 1669 549 1752 ipsius,
573 1669 841 1733 consacerdotis.

204 1770 256 1836 22.
280 1772 326 1836 At
347 1776 382 1837 tu
405 1773 469 1837 iam
492 1776 524 1837 et
539 1773 572 1836 iu
592 1775 747 1856 martyras
767 1777 837 1837 tuos
859 1774 991 1837 effundis
1008 1775 1090 1838 hane
1105 1770 1304 1857 potestatem.
1392 1773 1396 1836 1

160 1876 352 1959 utquisque
376 1897 412 1941 ex
435 1878 630 1941 confessione
653 1877 783 1941 uincula
804 1877 907 1942 induit
930 1878 1031 1943 adhuc
1054 1879 1162 1943 mollia
1176 1880 1209 1943 in
1225 1898 1306 1944 nouo

160 1982 321 2045 custodiae
345 1982 481 2062 nomine,
510 1982 618 2046 statim
642 1981 788 2045 ambiunt
811 1982 942 2062 moechi,
974 1982 1082 2047 statim
1105 1984 1222 2047 adeunt
1243 1984 1306 2047 for·

159 2086 325 2165 nicatoras,
356 2086 421 2149 iam
443 2104 551 2168 preces
574 2086 818 2165 circumsonant,
849 2086 912 2149 iam
942 2086 1090 2149 lacrimae
1121 2087 1306 2151 clrcumsta·
1334 2114 1358 2152 15

158 2193 260 2272 guent
282 2190 431 2254 maculati
454 2191 614 2271 cuiusque,
638 2208 696 2253 1100
718 2190 775 2253 ulli
798 2190 900 2273 magis
924 2191 1045 2255 aditum
1067 2194 1197 2255 carceris
1227 2192 1307 2255 redi-

159 2297 253 2357 munt
268 2313 364 2376 quam
379 2295 432 2376 qui
449 2295 613 2359 ecclesiam
628 2295 840 2378 perdiderunt.
869 2296 1027 2359 uiolentur
1043 2296 1102 2359 uiri
1118 2314 1154 2359 10
1170 2296 1306 2360 feminae

122 2444 125 2450 .
159 2398 194 2461 in
225 2397 362 2463 tenebris
393 2399 485 2480 plane
516 2418 553 2461 ex
583 2418 642 2462 usu
671 2397 839 2463 libidinum
870 2400 962 2480 notis,
996 2403 1027 2464 et
1056 2418 1175 2481 pacem,
1194 2398 1232 2464 ab
1257 2400 1305 2464 his

158 2505 316 2583 quaerunt
339 2503 392 2584 qui
415 2503 452 2566 de
475 2521 533 2566 sua
554 2502 780 2586 pericIItantur.
821 2504 873 2567 alii
901 2504 940 2567 ad
969 2505 1097 2568 metalla
1119 2504 1305 2587 confugient

160 2610 193 2670 et
215 2606 287 2670 inde
311 2606 592 2671 communicatores
614 2610 825 2687 reuertuntur,
849 2606 904 2670 ubi
927 2607 991 2671 iam
1014 2608 1097 2672 aliud
1120 2609 1304 2690 martyrium
1332 2635 1357 2673 ro

159 2710 374 2775 necessarium
403 2714 453 2775 est
482 2711 603 2775 delictis
627 2714 699 2793 post
720 2712 906 2794 martyrium
930 2712 1030 2776 nouis.
1070 2713 1138 2794 quis
1167 2713 1305 2776 enimin

158 2815 251 2878 terrie
274 2818 307 2879 et
327 2815 359 2879 in
383 2833 476 2879 carne
499 2816 566 2879 siue
589 2816 702 2897 culpa?
741 2816 811 2897 quIs
835 2819 953 2899 martyr
977 2816 1094 2879 saeculi
1116 2817 1227 2897 incola,
1252 2817 1305 2880 de-

121 2927 130 2943 ·
160 2918 259 2982 uariis
283 2919 423 3001 supplex,
447 2919 567 2983 medico
590 2919 742 2983 obnoxius
766 2922 798 2983 et
820 2920 1008 2983 feneratori?
1039 2923 1117 3003 puta
1139 2938 1222 2985 nuno
1245 2918 1303 2984 sub

159 3023 266 3106 gladio
295 3023 359 3086 iam
390 3023 483 3107 capiti
512 3023 636 3103 librato,
667 3026 745 3105 puta
774 3024 807 3087 iu
838 3024 980 3106 patibulo
1009 3026 1073 3089 iam
1103 3042 1229 3108 corpore
1253 3044 1305 3089 ex-

159 3144 270 3210 panso,
300 3129 377 3209 puta
400 3127 432 3190 iu
456 3126 563 3211 stipite
589 3127 653 3191 iam
685 3128 767 3191 leoni
798 3146 954 3209 concesso,
985 3132 1063 3212 puta
1091 3130 1124 3193 in
1155 3148 1210 3193 axe
1240 3130 1304 3193 iam
1331 3155 1356 3194 re

159 3230 306 3294 incendio
328 3231 498 3311 adstructo,
520 3231 553 3294 iu
573 3231 652 3313 ipsa,
677 3231 755 3312 dico,
779 3232 945 3296 securitate
962 3236 994 3296 et
1009 3234 1204 3316 possessione
1221 3252 1304 3298 mar-

81 3382 84 3385 .
159 3336 244 3416 tyrii,
268 3334 338 3416 quis
361 3336 517 3418 permittit
538 3336 658 3399 homiui
682 3336 796 3400 donare
821 3355 900 3418 quac
928 3336 984 3400 deo
1008 3337 1196 3401 reseruanda
1219 3341 1303 3418 sunt,

160 3457 180 3501 a
210 3456 271 3520 quo
301 3457 338 3502 11
368 3440 435 3503 sine
466 3440 665 3504 excusatione
688 3440 837 3504 damnata
864 3444 947 3521 sunt,
979 3459 1058 3522 quae
1082 3460 1138 3505 nec
1162 3442 1303 3525 apostoli,

158 3543 244 3623 quod
267 3543 374 3623 sciam,
398 3546 551 3627 martyres
575 3547 606 3607 et
628 3544 689 3626 ipsi
711 3542 869 3608 donabilia
892 3544 1131 3609 iudicauerunt?
1170 3546 1303 3628 denique

158 3648 225 3710 iam
254 3648 294 3711 ad
323 3647 440 3711 bestias
472 3648 708 3731 depugnauerat
734 3648 851 3713 Paulus
880 3648 1006 3731 Ephesi,
1037 3668 1109 3713 oum
1140 3650 1302 3715 interitum
1329 3676 1356 3716 oo

204 3874 221 3927 3
238 3872 297 3941 ipsa
315 3874 384 3927 Iuor:
401 3872 456 3942 ipse
476 3874 511 3941 B,
530 3873 580 3927 dcl.
599 3873 655 3943 Rip
712 3876 727 3928 7
746 3872 856 3927 ecclesia
874 3876 944 3929 Lot:
962 3873 1085 3928 ecclesiae
1102 3874 1129 3929 B
1188 3878 1221 3931 13
1240 3891 1313 3943 con-¹

158 3958 274 4012 fossione
285 3960 356 4014 Lat:
374 3960 543 4013 consensione
556 3961 583 4014 Β
629 3959 722 4013 mollia
735 3960 798 4015 Get:
816 3959 948 4014 immollia
959 3962 986 4016 Β
1040 3964 1071 4016 17
1085 3961 1208 4015 ecclesiae
1225 3962 1302 4017 Oloc-

158 4047 256 4102 011111
337 4048 370 4101 22
398 4046 495 4101 saeculi
524 4047 587 4102 cet.-
614 4047 711 4101 sacculi
737 4049 765 4101 Β
847 4048 964 4101 donariis
991 4050 1055 4117 Lot,
1087 4048 1220 4102 damnatis
1247 4050 1302 4119 Rc'p

157 4135 193 4187 23
211 4132 299 4186 medio
320 4134 393 4201 Scal,
415 4134 524 4187 moecho
542 4134 598 4204 lay
651 4134 806 4188 fornicatori
824 4135 880 4204 Rip
933 4136 967 4189 24
986 4136 1067 4204 capiti
1084 4137 1153 4190 Lot:
1171 4136 1256 4204 capite
1274 4138 1302 4190 Β

157 4222 193 4274 25
211 4219 282 4273 leoni
301 4222 371 4276 Lot:
388 4220 463 4274 leone
481 4223 509 4274 Β
600 4221 629 4274 in
652 4237 698 4274 axe
720 4222 775 4274 iam
794 4222 858 4276 cdd.
880 4222 930 4277 ceo
1022 4225 1055 4277 26
1078 4222 1214 4276 adstructo
1237 4225 1303 4279 Urs:

158 4306 289 4360 adstricto
305 4309 333 4362 Β
384 4307 765 4364 281111110111111111Β
820 4308 946 4362 damnata
964 4312 1028 4362 sumt
1042 4309 1105 4364 ceo.-
1123 4309 1332 4365 damnatasB‘

156 4396 192 4449 29
210 4393 399 4448 iudicauerunt
418 4395 481 4464 Get:
501 4394 686 4450 indicauerant
703 4397 730 4450 Β
