3200 5034
580 442 612 497 X.
631 442 676 495 De
695 441 802 494 anima
820 441 913 496 9-10.
1257 439 1320 502 313

153 620 267 700 odiit,
298 622 334 683 ut
364 621 485 699 nosset,
516 617 620 683 nescio
648 635 689 682 an
712 617 818 681 omnia
839 617 963 680 interna
987 616 1051 680 eius
1075 615 1192 697 liquido
1217 615 1320 698 explo-

176 724 270 805 rarit,
300 724 370 806 ipsa
398 726 498 788 morte
524 725 667 787 mutante
690 739 770 805 quae
792 721 951 801 uixerant,
983 724 1013 785 et
1036 724 1136 785 morte
1159 739 1221 783 non
1246 721 1320 784 sim·

177 828 261 911 plici,
284 828 338 891 sed
361 826 431 911 ipsa
445 827 527 891 inter
543 825 676 891 artificia
695 825 879 890 exsectionis
900 829 1032 889 errante.
1068 824 1245 908 philosophi
1264 843 1319 909 pro

177 935 261 996 certo
284 931 545 996 renuntiauerant
567 930 718 995 culicibus
742 934 773 994 et
795 931 934 994 formicis
958 933 989 994 et
1011 930 1102 994 tineis
1127 930 1235 994 deesse
1250 929 1321 1012 pul·

177 1055 287 1102 mones
318 1040 350 1101 et
379 1037 520 1101 arterias.
566 1036 615 1100 dic
645 1035 737 1116 mihi,
771 1036 930 1119 inspector
959 1034 1184 1114 curiosissime,
1214 1035 1320 1100 oculos
1359 1061 1372 1100 e

177 1142 296 1207 habent
318 1142 358 1206 ad
380 1140 573 1206 uidendum?
619 1141 725 1224 atquin
750 1143 782 1204 et
804 1142 939 1223 pergunt
961 1158 1022 1222 quo
1046 1140 1157 1204 uolunt
1172 1141 1204 1203 et
1218 1139 1321 1204 nitunt

178 1250 211 1311 et
239 1249 392 1331 appetunt
417 1263 496 1327 quae
519 1245 652 1310 uidendo
677 1245 792 1310 sciunt:
824 1244 954 1328 designa
977 1244 1097 1324 oculos,
1129 1245 1241 1309 denota
1262 1264 1320 1328 pu-

177 1352 277 1434 pulas.
313 1333 368 1416 sed
391 1353 422 1414 et
445 1350 580 1415 exedunt
597 1350 715 1414 tineae:
739 1350 921 1414 demonstra
940 1347 1149 1429 mandibulas,
1173 1349 1320 1431 deprome

177 1455 338 1539 genuinos.
385 1454 439 1519 sed
470 1459 501 1519 et
530 1458 701 1538 personant
732 1454 862 1534 culiceS,
893 1473 932 1517 ne
962 1454 995 1517 in
1024 1452 1163 1518 tenebris
1194 1453 1320 1535 quidem

178 1559 303 1624 aurium
333 1559 431 1624 caeci:
463 1558 574 1623 tubam
604 1559 721 1641 pariter
751 1562 782 1622 et
809 1557 964 1622 hiantium
987 1543 1048 1622 bris
1071 1557 1157 1622 illius
1180 1558 1318 1622 ostende.
1348 1583 1373 1624 ιο

177 1663 309 1746 quoduis
340 1664 457 1728 animal
487 1664 578 1728 unius
609 1664 683 1728 licet
713 1663 822 1747 puncti
851 1663 955 1744 aliquo
982 1663 1084 1726 alatur
1106 1681 1234 1726 necesse
1258 1665 1319 1727 est:

178 1768 288 1833 exhibe
308 1767 416 1851 pabuli
430 1767 677 1849 transmittendi,
700 1767 892 1850 decoquendi
908 1767 1150 1849 defaecandique
1166 1766 1318 1831 membra.
1405 1785 1408 1792 ’

177 1873 253 1955 quid
276 1891 349 1956 crgo
371 1872 533 1936 dicemus?
579 1874 605 1936 si
627 1892 683 1956 per
705 1874 783 1937 haec
806 1872 933 1952 uiuitur,
957 1875 1048 1936 erunt
1071 1872 1148 1951 haec
1171 1872 1204 1935 in
1220 1872 1320 1936 omni·

176 1977 237 2042 bns
260 1977 375 2059 utique.
391 1994 471 2059 quae
495 1978 613 2058 uiuent,
637 1977 697 2041 etsi
720 1995 782 2042 non
806 1978 964 2057 uidentur,
989 1978 1046 2041 etsi
1069 1994 1131 2041 non
1147 1977 1320 2060 apprehen-

176 2082 293 2146 duntur
314 2099 370 2165 pro
393 2081 617 2146 mediocritate.
653 2083 712 2146 hoc
735 2083 837 2165 magis
861 2082 978 2162 credas,
1003 2082 1029 2145 si
1053 2082 1146 2145 deum
1165 2081 1318 2164 recogites
1348 2107 1372 2147 u

176 2189 302 2251 tantum
324 2184 477 2250 artificem
499 2187 532 2249 iu
555 2187 684 2251 modicis
708 2191 862 2269 qnantum
886 2191 917 2251 ct
937 2188 970 2250 in
994 2185 1148 2250 maximis.
1195 2185 1222 2249 si
1245 2204 1318 2250 uero

176 2309 240 2356 non
270 2293 361 2374 putas
392 2308 504 2373 capere
534 2295 599 2355 tam
631 2291 754 2356 minuta
784 2292 968 2374 corpuscula
995 2290 1044 2354 dei
1066 2290 1243 2374 ingenium,
1275 2291 1319 2354 sio

176 2414 298 2478 quoqne
320 2394 586 2479 magnificentiam
611 2396 676 2460 eius
700 2413 863 2480 agnoscas,
887 2397 969 2478 quod
985 2395 1115 2460 modicis
1132 2395 1319 2459 animalibus

176 2500 245 2564 sine
275 2500 458 2564 necessariis
481 2500 631 2564 membris
655 2500 859 2566 nihilominus
883 2501 990 2564 uiuere
1021 2501 1202 2564 instruxerit
1232 2500 1319 2564 saluo

177 2605 274 2669 etiam
303 2605 373 2668 uisu
404 2605 471 2668 siue
501 2606 599 2669 cordis
630 2607 661 2669 et
692 2624 748 2670 esu
775 2607 841 2669 sine
864 2606 1029 2670 denticulis
1053 2608 1084 2669 et
1106 2606 1229 2688 digestu
1253 2605 1319 2669 sinc
1346 2632 1372 2670 cc

63 2719 165 2775 ulau*
178 2710 287 2789 alueiS,
311 2709 575 2790 quemadmodum
599 2712 630 2772 et
651 2710 802 2774 incedunt
824 2710 977 2792 quaedam
994 2711 1060 2774 sine
1076 2708 1206 2794 pedibus
1227 2707 1232 2794 Ι
1252 2727 1320 2773 ma-

176 2817 273 2878 nante
292 2813 424 2896 impetn,
444 2814 524 2896 quod
542 2832 670 2898 angues,
694 2817 725 2878 et
740 2815 923 2898 insurgente
939 2819 1063 2895 conatu,
1086 2816 1169 2897 quod
1185 2833 1319 2895 uermes,

176 2909 407 3001 et'spumante
438 2921 577 3001 reptatu,
608 2918 690 3000 qnod
719 2919 858 2983 limaces.
904 2921 948 2983 ita
979 2923 1010 2983 et
1040 2919 1150 3002 spirari
1180 2938 1234 2984 cur
1257 2938 1319 2985 uon

175 3026 267 3106 putes
299 3022 365 3086 sine
397 3022 582 3104 pulmonum
611 3022 738 3087 follibus
769 3026 802 3088 et
825 3024 893 3088 sine
916 3022 1030 3089 fistulis
1055 3025 1254 3106 arteriarum,
1285 3028 1320 3089 nt

176 3144 232 3210 pro
256 3143 369 3209 magno
392 3127 590 3209 amplectaris
614 3130 799 3210 argumento
815 3127 928 3192 idcirco
944 3129 1068 3192 animae
1083 3129 1239 3193 humanae
1256 3130 1319 3212 spi·
1346 3155 1371 3194 a

175 3231 272 3294 ritum
303 3230 464 3311 accedere,
495 3232 568 3313 quia
598 3231 661 3295 sint
683 3250 762 3314 quae
786 3233 896 3314 spiritu
920 3236 1061 3314 careant,
1093 3234 1260 3298 etidcirco
1284 3253 1320 3298 ea

176 3334 288 3418 spiritu
318 3353 438 3415 carere,
469 3335 542 3416 quia
571 3336 609 3399 de
639 3334 836 3401 flaturalibus
863 3337 984 3401 artibus
1008 3341 1127 3402 structa
1150 3357 1211 3403 non
1235 3339 1319 3402 sint?

175 3439 284 3504 uiuere
318 3440 385 3503 sine
409 3440 519 3523 spiritu
543 3441 702 3505 existimas
726 3441 856 3523 aliquid,
887 3443 1005 3526 spirare
1028 3443 1095 3506 sine
1117 3442 1319 3526 pulmonibus

176 3561 239 3608 non
261 3546 378 3625 putas?
423 3545 497 3626 quid
521 3548 578 3625 est,
606 3563 659 3609 oro
683 3548 725 3625 te,
752 3546 892 3628 spirare?
924 3545 1044 3628 flatum,
1068 3547 1187 3630 opinor,
1211 3567 1247 3611 ex
1270 3567 1318 3612 se·
1365 3614 1368 3620 ,

175 3648 310 3730 metipso
339 3666 441 3732 agere.
486 3649 561 3730 quid
584 3653 633 3714 est
654 3667 717 3714 non
740 3651 869 3715 uiuere?
900 3649 1026 3731 flatum,
1057 3652 1179 3735 opinor,
1211 3671 1247 3717 ex
1270 3672 1319 3718 se·
1345 3674 1371 3715 ec

220 3875 233 3926 1
254 3871 323 3925 odiit
339 3873 375 3939 Β,
393 3872 450 3926 odit
467 3874 495 3926 A
548 3875 564 3927 2
583 3872 711 3942 simplicis
728 3876 756 3928 A
809 3877 826 3930 3
844 3877 948 3928 emente
966 3874 1123 3944 philosopho
1142 3878 1177 3944 Β,
1200 3881 1318 3931 errantes

173 3958 327 4028 philosophi
348 3960 398 4015 Get
460 3958 618 4014 ‹lcuxlibus
636 3961 663 4014 A
681 3977 748 4018 corr.
816 3961 962 4031 lpupulas
980 3964 1016 4032 A,
1034 3962 1149 4032 pupillas
1167 3966 1195 4018 B
1257 3967 1318 4021 eet

174 4064 226 4103 om.
240 4046 267 4100 A
323 4048 355 4100 10
373 4047 491 4116 aurium]
510 4063 639 4100 uenarum
651 4049 715 4116 fort.
769 4047 901 4102 hiantium
913 4050 948 4118 B,
966 4048 1125 4111 lanecamA
1181 4053 1211 4106 ll
1224 4053 1319 4120 puncti

175 4132 262 4202 spatio
280 4131 369 4200 aliquo
387 4135 452 4202 fort.
507 4135 540 4189 12
558 4133 651 4188 exhibe
669 4135 705 4202 A,
724 4133 846 4188 exhibeas
864 4136 891 4189 Β
948 4134 1057 4204 parbuli
1075 4138 1103 4190 A
1160 4141 1193 4193 14
1211 4139 1316 4209 uiuent]

175 4219 304 4273 uident-ur
327 4221 399 4290 Bmp
453 4219 703 4289 adpraehendantur
724 4223 752 4276 B
807 4225 838 4279 18
861 4222 993 4290 quomodo
1017 4222 1083 4276 dicis
1106 4226 1133 4279 A
1186 4228 1220 4280 20
1243 4226 1316 4296 uisu]

175 4322 227 4360 usu
249 4307 277 4361 B
331 4308 364 4362 25
382 4306 554 4376 amplectaris
571 4309 599 4362 A
617 4326 684 4366 corr.
737 4311 771 4364 27
792 4309 824 4362 de
843 4328 893 4366 om.
911 4311 939 4365 Β
996 4310 1108 4365 artubus
1128 4312 1179 4369 eea
1236 4315 1269 4369 29
1288 4329 1318 4367 ex

176 4393 319 4463 semetipso
338 4393 373 4462 B,
392 4395 564 4465 semetipsum
581 4396 609 4450 A
662 4397 696 4450 30
714 4412 769 4449 non
786 4413 837 4452 om.
857 4397 883 4450 A
