3200 5034
558 446 634 500 VIII.
652 448 697 500 De
715 446 880 516 pudicitia
896 449 939 502 22.
1254 447 1318 511 273

159 618 208 684 'et
230 620 412 685 idololatrae
435 621 668 704 poenitentibus
685 622 864 704 subuenire,
889 626 971 687 certe
988 622 1138 706 negatori,
1163 626 1194 687 et
1209 623 1316 704 utIque

174 725 229 805 illi,
253 743 348 806 quem
371 725 403 789 iu
418 726 535 808 proelio
551 726 755 792 confessionis
772 728 936 791 tormentis
957 728 1170 792 conluctatum
1187 728 1318 791 saeuitia

175 829 295 892 deiecit.
334 833 472 894 ceterum
493 830 658 913 indignum
673 831 730 894 deo
747 834 778 895 et
793 832 877 895 illius
894 831 1115 911 misericordia,
1139 832 1191 913 qui
1211 831 1318 913 pacni-

175 934 307 997 tentiam
337 934 511 1016 peccatoris
542 936 635 998 morti
665 936 848 1018 praeuertIt,
878 940 914 999 ut
943 935 1063 999 facilius
1091 935 1124 999 in
1152 936 1316 999 eeclesiam

175 1038 314 1118 redeant,
345 1038 399 1119 qui
429 1038 569 1103 subando
600 1057 695 1121 quam
718 1040 773 1121 qui
795 1040 972 1104 dimicando
1000 1040 1188 1104 oeciderunt.
1227 1043 1319 1124 urget
1343 1066 1370 1106 e

175 1160 232 1206 nos
266 1143 367 1207 dicere
397 1143 583 1226 indignitas:
618 1145 832 1209 contaminata
861 1146 963 1227 potius
995 1162 1123 1226 corpora
1156 1144 1317 1209 reuocabis

176 1264 271 1328 quem
294 1250 482 1311 cruentata?
520 1266 599 1329 quae
621 1248 815 1331 paenitentia
838 1248 1044 1314 miserabilior
1067 1249 1227 1313 titillatam
1247 1266 1318 1332 pro-

176 1353 319 1415 sternens
354 1367 481 1415 carnem
512 1370 552 1415 en
582 1371 655 1417 ucro
687 1353 864 1419 laniatam?
902 1370 981 1435 quae
1011 1353 1126 1434 iustior
1160 1353 1253 1417 uenia
1285 1353 1317 1417 in

176 1455 320 1519 omnibus
352 1456 466 1536 causta,
497 1474 593 1538 quam
622 1458 818 1521 uoluntarius
850 1475 889 1521 au
913 1475 1008 1539 quam
1030 1457 1147 1521 inuitus
1174 1460 1318 1540 peccator

174 1559 343 1642 Implorat?
380 1576 472 1624 nemo
495 1560 605 1641 uolens
628 1579 743 1643 negare
767 1562 975 1643 compellitur,
1003 1579 1096 1626 nemo
1123 1562 1232 1625 nolens
1255 1561 1317 1626 for·
1345 1590 1370 1628 ιο

176 1664 305 1728 nicatur,
329 1665 416 1729 nulla
439 1664 478 1727 ad
500 1663 664 1729 libidinem
687 1666 735 1729 uis
759 1669 817 1746 est,
841 1666 901 1729 nisi
924 1666 1007 1749 ipsa;
1035 1651 1218 1747 nescitque
1240 1665 1318 1730 libet

175 1769 253 1851 cogi.
291 1769 491 1852 negationem
521 1786 612 1852 porro
642 1773 760 1851 quante
789 1771 983 1853 compellunt
1013 1770 1140 1854 ingenie
1170 1770 1317 1835 carnificii

175 1876 207 1935 et
229 1890 345 1956 genera
358 1877 552 1956 poenarum?
576 1873 644 1955 quis
660 1874 761 1957 magis
778 1875 916 1957 negauit,
940 1874 994 1956 qui
1010 1874 1170 1939 Christum
1186 1878 1316 1939 uexatus

175 1994 215 2039 an
238 1977 292 2058 qui
315 1977 487 2041 delectatus
504 1978 631 2042 amitit?
654 1980 795 2059 quicum
812 1978 972 2043 amitteret
987 1979 1096 2059 doluit,
1121 1996 1160 2042 an
1177 1979 1316 2060 quicum

176 2081 334 2144 emitteret
355 2081 451 2145 lusit?
490 2085 522 2145 et
544 2084 652 2146 temen
674 2082 746 2145 illae
769 2082 930 2147 cicatrices
946 2081 1121 2147 Christiano
1138 2084 1253 2166 proelio
1268 2084 1316 2147 in·
1344 2110 1368 2149 15

175 2185 315 2268 sculptae
338 2188 370 2248 et
392 2186 498 2267 utique
519 2185 692 2250 inuidiosae
716 2186 798 2268 apud
822 2185 993 2267 Christum,
1024 2188 1098 2269 quia
1126 2187 1240 2251 uicisse
1263 2206 1316 2251 cu-

175 2289 367 2372 pierunt-et
389 2289 433 2353 sic
456 2307 579 2371 quoque
601 2290 764 2373 gloriosae,
788 2291 861 2372 quia
883 2308 947 2355 non
969 2292 1121 2356 uincendo
1145 2295 1315 2373 cesserunt,

175 2393 208 2457 in
231 2412 310 2474 ques
333 2394 435 2457 adhuc
459 2397 491 2458 et
510 2393 654 2476 diabolus
677 2395 743 2478 ipse
766 2396 913 2478 suspirat,
944 2414 1016 2459 cum
1044 2414 1101 2460 sua
1122 2396 1314 2477 infelicitate,

174 2497 230 2561 sed
253 2500 350 2578 casta,
373 2516 446 2561 curn
468 2499 662 2581 paenitentia
683 2503 854 2579 maerente,
886 2500 941 2564 scd
964 2518 1026 2564 non
1050 2499 1253 2564 erubescente
1277 2502 1315 2565 ad

174 2602 347 2682 dominum,
368 2602 406 2666 de
421 2603 513 2667 uenia
533 2603 633 2667 denno
654 2603 829 2668 dimittetur
850 2604 904 2685 eis,
928 2604 982 2686 qni
1002 2604 1200 2685 placuluritcr
1220 2622 1316 2687 nega·
1343 2632 1368 2670 1ο

174 2709 298 2769 uerunt.
337 2708 410 2771 solis
440 2707 502 2771 illis
533 2725 604 2771 caro
633 2706 758 2772 infirma
788 2711 845 2772 est.
884 2709 992 2789 atquin
1023 2709 1110 2773 nulla
1137 2712 1203 2772 tam
1227 2709 1315 2773 fortis

174 2828 246 2874 caro
270 2828 365 2892 quarn
388 2829 466 2892 quae
490 2811 636 2894 spiritum
659 2812 756 2876 elidit.

217 3034 298 3102 3qui
318 3034 381 3089 Get:
399 3034 507 3102 eiusque
525 3036 552 3089 B
621 3034 739 3090 4·morti
759 3036 822 3091 Gel:
843 3038 957 3089 mortem
975 3038 1003 3091 Β
1073 3035 1232 3092 5subando
1253 3037 1316 3091 Get:

172 3120 312 3175 subdendo
335 3123 363 3175 Β
432 3123 512 3189 urget
533 3136 581 3174 nos
606 3121 669 3176 Get:
690 3137 818 3191 urgemur
835 3123 862 3177 Β
934 3124 1189 3193 liuterropatiouie
1206 3125 1315 3193 siquem

169 3209 255 3277 posui
319 3210 393 3263 9an
414 3208 478 3262 odd.
500 3208 550 3262 θεῖ
616 3211 648 3263 10
672 3207 821 3263 fornicatur
845 3208 907 3264 aen·
934 3208 1080 3263 fornicator
1101 3211 1128 3265 Β
1195 3212 1226 3266 11
1251 3225 1314 3277 quo-

173 3293 241 3347 libet
261 3294 320 3363 cer,
342 3293 480 3362 quodlibet
492 3296 563 3349 Pam
617 3296 650 3349 12
668 3294 796 3348 carnificii
810 3296 888 3351 Saul:
906 3295 1037 3349 carnificis
1050 3298 1077 3349 Β
1131 3298 1164 3351 14
1182 3299 1315 3349 auerteret

173 3382 230 3451 Rip
282 3383 316 3435 20
335 3380 487 3434 dr'mIttetur
507 3382 569 3435 Get:
588 3380 759 3434 dimittentur
775 3383 813 3451 B,
831 3382 977 3435 dimittitur
994 3383 1050 3452 Rip
1104 3382 1142 3435 eis
1161 3384 1206 3451 qui
1224 3384 1314 3451 piacu-

172 3468 266 3521 lariter
280 3468 344 3522 aer.-
361 3468 602 3536 resculpioulariter
614 3469 649 3536 B,
668 3468 706 3521 eis
718 3469 763 3536 qui
776 3468 945 3538 peculiariter
957 3470 1021 3539 Rip,
1039 3469 1099 3533 reis,
1118 3485 1178 3522 curn
1197 3469 1313 3539 piacula-

173 3555 239 3608 riter
257 3555 402 3609 Harteliue
453 3556 518 3623 finis
535 3556 601 3609 libri
619 3556 706 3611 deesse
722 3557 833 3610 uidetur
