3200 5034
561 443 592 496 x.
612 444 657 496 oe
676 442 784 495 anima
804 444 913 498 ra-re.
1075 429 1077 434 '
1245 440 1306 504 331

164 621 245 683 silua
273 637 369 700 quam
398 619 486 682 humi
515 619 574 683 teri
609 619 785 682 uoluntaria
821 617 941 681 iniuria.
980 620 1089 681 contra
1123 617 1235 699 quibus
1271 617 1308 680 de

164 724 302 787 aedilicio
326 725 408 787 male
431 727 490 804 est,
514 727 549 786 ut
572 724 738 787 crescendo
754 723 914 802 recedunt,
938 725 973 785 ut
987 722 1168 804 refugiunt?
1192 721 1309 785 sentias

163 847 268 892 ramos
292 829 440 892 aliorsum
464 828 645 907 destinatos
673 831 705 893 et
728 828 951 891 animationem
975 826 1093 890 arboris
1117 826 1155 890 de
1178 827 1309 889 diuortio

163 933 290 1014 parietis
313 933 493 1015 intellegam
525 935 673 995 contenta
704 950 761 995 sua
790 935 839 995 est
868 932 1034 1014 paruitate,
1065 949 1160 1012 quam
1189 950 1224 993 er
1247 931 1309 1013 pri-

163 1037 282 1099 mordio
312 1036 576 1119 prouidentissimi
606 1036 727 1099 fruticis
751 1036 884 1116 edidicit,
914 1036 1029 1099 timens
1058 1035 1152 1098 etiam
1174 1034 1306 1098 ruinam.
1349 1062 1361 1101 5

163 1141 220 1204 has
251 1159 309 1223 ego
340 1140 510 1222 sapientias
541 1145 572 1204 et
596 1141 741 1204 scientias
765 1140 914 1204 arborum
937 1159 993 1203 cur
1015 1157 1078 1202 non
1101 1139 1308 1203 contendam?
1352 1125 1354 1129 ¹

164 1244 275 1309 uiuant
299 1248 334 1308 11
355 1244 533 1327 philosophi
555 1246 676 1325 uolunt,
708 1245 833 1326 sapiant
855 1247 891 1308 ut
912 1244 1087 1326 philosophi
1110 1244 1232 1322 nolunt,
1262 1243 1309 1305 in-

164 1350 341 1432 tellegebat
355 1349 488 1412 infantia
502 1349 590 1432 ligni,
614 1367 675 1430 quo
692 1350 793 1432 magis
810 1349 969 1412 hominis?
998 1348 1085 1411 cuius
1103 1349 1208 1412 anima
1222 1349 1310 1411 11111

164 1455 307 1517 surculus
331 1453 458 1535 quidam
482 1473 518 1516 er
545 1453 675 1516 matrice
697 1453 804 1516 Adam
827 1454 859 1516 in
887 1453 1091 1535 propaginem
1119 1452 1251 1515 deducta
1279 1456 1310 1516 et

163 1557 351 1642 genitalibus
374 1559 510 1622 feminae
533 1558 633 1622 foueis
656 1558 876 1622 commendata
900 1576 972 1620 cum
988 1557 1074 1620 omni
1090 1575 1147 1620 sua
1161 1560 1309 1638 paratura
1337 1585 1362 1622 10

162 1664 331 1745 pullulauit
353 1664 421 1726 tam
435 1663 598 1726 intellectu
615 1680 710 1743 quam
726 1666 757 1726 et
772 1665 888 1725 sensu?
913 1662 1056 1741 mentior,
1081 1662 1105 1723 si
1122 1679 1185 1724 non
1201 1661 1310 1724 statim

163 1768 277 1847 111111,
309 1770 344 1830 11
366 1767 465 1830 uitam
488 1767 597 1849 uagitu
621 1766 780 1846 salutauit,
811 1766 870 1830 hoc
892 1767 996 1848 ipsum
1024 1785 1057 1828 se
1081 1768 1216 1828 testatur
1239 1784 1310 1829 sen-

164 1873 243 1935 sisse
275 1875 369 1953 atque
398 1871 588 1935 intellexisse
620 1871 701 1952 quod
724 1875 817 1934 natus
842 1874 900 1950 est,
932 1888 1040 1934 omncs
1072 1870 1167 1933 simul
1194 1869 1310 1932 ibidem

164 1976 311 2040 dedicans
343 1994 465 2055 1111111,
497 1978 528 2038 11
556 1976 626 2039 1111
656 1975 760 2038 uisum
791 1979 824 2038 11
854 1992 930 2037 sono
961 1974 1102 2037 auditum
1137 1977 1168 2037 11
1202 1992 1309 2037 umore

163 2084 292 2163 gustum
316 2085 347 2144 et
370 2098 441 2144 aere
464 2080 629 2144 odoratum
653 2084 684 2143 et
706 2082 790 2142 terra
813 2082 942 2142 tactum.
981 2079 1025 2142 ita
1047 2079 1148 2160 prima
1174 2077 1228 2141 illa
1251 2096 1310 2141 uox
1339 2104 1364 2144 15

164 2185 202 2248 de
224 2185 334 2267 primis
358 2203 509 2248 sensuum
531 2184 662 2247 uocibus
686 2187 718 2247 et
741 2183 778 2246 de
802 2183 910 2265 primis
931 2182 1151 2246 intellectuum
1167 2181 1310 2264 pulsibus

163 2290 294 2372 cogitur.
329 2289 400 2370 plus
424 2293 473 2352 est
495 2289 578 2369 quod
601 2288 639 2351 de
662 2290 829 2370 prospectu
851 2287 1053 2350 lacrimabilis
1077 2287 1160 2350 uitae
1185 2287 1310 2368 quidam

163 2412 315 2475 augurem
346 2392 616 2456 incommodorum
646 2410 756 2455 uocem
783 2392 871 2455 illam
894 2391 1032 2455 flebilem
1054 2392 1309 2473 interpretantur,

163 2515 225 2578 quo
246 2497 342 2560 etiam
356 2498 535 2578 praesciens
550 2497 698 2560 habenda
713 2497 754 2560 sit
769 2496 809 2560 ab
825 2496 969 2579 ingressu
985 2496 1170 2575 natiuitatis,
1193 2496 1309 2559 nedum

162 2601 359 2684 intellegens
399 2601 508 2664 exinde
529 2604 560 2664 et
575 2604 707 2664 matrem
724 2601 835 2683 spiritu
850 2600 963 2683 probat
979 2603 1010 2664 et
1025 2600 1179 2663 nutricem
1196 2600 1307 2681 spiritu
1337 2626 1363 2664 eo

163 2706 321 2769 examinat
344 2708 376 2768 et
398 2706 540 2787 gerulam
565 2705 675 2786 spiritu
698 2705 840 2787 agnoscit
862 2704 987 2787 fugiens
1004 2707 1151 2768 extranea
1166 2703 1264 2766 ubera
1280 2708 1310 2767 et

50 2819 70 2872 f.
78 2821 149 2873 132v
164 2828 315 2873 recusans
338 2809 448 2892 ignota
470 2808 593 2887 cubilia,
615 2806 619 2892 1
639 2809 798 2872 nemiuem
821 2813 971 2891 appetens
995 2810 1054 2872 nisi
1071 2828 1107 2872 er
1122 2828 1191 2872 usu.
1227 2808 1309 2870 unde

160 2914 208 2976 illi
237 2913 387 2976 iudicium
417 2913 565 2976 nouitatis
597 2916 628 2976 et
658 2913 768 2991 moris,
799 2913 825 2974 si
855 2931 918 2976 non
950 2913 1052 2995 sapit?
1090 2914 1172 2976 unde
1203 2913 1249 2976 illi
1280 2917 1310 2976 et

162 3017 278 3082 offendi
301 3020 332 3080 11
354 3017 535 3096 demulceri,
560 3017 586 3080 si
608 3001 671 3080 non
693 3016 871 3099 intellegit?
895 3017 1010 3080 mirum
1032 3018 1108 3082 satis
1123 3021 1160 3080 ut
1176 3017 1311 3081 infantia

162 3121 348 3185 naturaliter
381 3121 523 3184 animosa
556 3123 597 3185 sit
629 3138 692 3184 non
725 3120 847 3184 habens
882 3123 1022 3184 animum
1057 3125 1088 3185 et
1127 3121 1309 3185 naturaliter
1337 3146 1362 3185 25

162 3225 322 3292 affectiosa
345 3225 386 3289 sit
408 3244 471 3289 non
493 3225 615 3289 habeus
637 3225 843 3288 intellectum.
883 3229 916 3289 11
940 3225 1023 3288 enim
1041 3224 1183 3290 Christus
1201 3245 1236 3288 ex
1258 3243 1309 3288 ore

206 3520 223 3570 2
242 3517 399 3585 refugiunt?
418 3517 516 3571 sentias
540 3520 605 3573 Urs:
622 3518 758 3586 refugium
778 3519 877 3572 sentias
896 3520 951 3572 AB
1020 3521 1037 3573 3
1056 3519 1182 3572 aliorsum
1202 3521 1310 3574 tendere

162 3604 291 3657 aliorsum
308 3607 382 3673 fort,
407 3605 445 3659 od
468 3604 596 3657 aliorsum
620 3612 705 3660 mena
727 3604 836 3658 tendere
859 3606 1042 3674 supplendum
1064 3613 1149 3672 censet
1166 3608 1310 3662 Harielias

163 3691 328 3745 destinatum
354 3692 404 3746 Gel
474 3694 491 3745 4
514 3694 639 3744 contenta
663 3708 711 3744 sua
733 3696 774 3745 est
800 3692 940 3746 chleras:
963 3695 1088 3746 contenta
1107 3697 1170 3747 sunt
1188 3695 1223 3763 B,
1248 3711 1310 3747 con-

162 3778 278 3832 tinentia
301 3781 342 3831 est
363 3780 473 3847 ABmp,
496 3781 623 3831 contenta
647 3781 688 3832 est
710 3780 766 3848 Rip
840 3779 973 3850 paruitate
995 3780 1104 3849 ABom,
1127 3781 1260 3849 prauitate
1282 3784 1310 3835 B

162 3868 178 3918 5
198 3864 310 3917 edidicit
330 3864 393 3919 Gal:
411 3864 535 3917 sedidicit
553 3866 588 3933 A,
608 3865 641 3917 Se
660 3865 756 3918 didicit
773 3867 801 3919 B
866 3865 987 3918 timentis
1006 3866 1087 3918 etiem
1105 3868 1170 3936 Lat,
1189 3867 1309 3921 timentis

161 3951 216 4004 iam
238 3953 302 4018 fort.
375 3955 390 4005 7
415 3951 519 4019 sapiant
542 3954 573 4004 11
594 3950 747 4019 philosophi
770 3952 866 4004 nolunt
889 3969 940 4006 orn.
960 3954 987 4006 A
1062 3953 1197 4021 intelligat
1219 3957 1246 4007 et
1268 3955 1309 4006 iu-

162 4037 249 4090 fantia
272 4039 336 4092 Ure:
358 4036 517 4104 intellegant
540 4041 567 4091 et
588 4037 732 4091 infantiam
751 4039 806 4092 AB
879 4040 909 4094 11
929 4037 1074 4106 pullulauit
1092 4040 1199 4110 ABmp,
1218 4040 1307 4109 pullu-

161 4123 231 4177 labit
248 4125 276 4177 B
330 4127 362 4178 15
381 4124 522 4177 odoratum
541 4126 638 4178 aereA
694 4127 726 4179 16
744 4125 855 4178 uocibus
874 4143 924 4181 om.
938 4127 965 4179 A
1020 4128 1050 4180 17
1069 4125 1307 4194 lachrymabilisB

164 4213 196 4267 18
215 4227 341 4279 augerem
359 4212 386 4264 A
445 4213 477 4265 lo
496 4227 547 4278 quo
566 4213 635 4280 Rip:
653 4211 723 4279 quod
741 4213 797 4265 AB
851 4212 1012 4280 spraesoiens
1030 4214 1057 4266 A
1076 4231 1143 4268 corr.
1202 4216 1308 4268 2011111

162 4297 235 4351 enim
252 4297 346 4351 exinde
359 4299 400 4365 B,-
409 4292 463 4352 'sed
475 4300 559 4353 aerbo
572 4314 624 4351 non
637 4299 708 4351 enim
720 4292 829 4354 1111111
842 4301 949 4374 inclusa
960 4306 1032 4369 11111,
1051 4301 1082 4354 iro
1099 4317 1150 4369 rap.
1164 4300 1197 4354 al.
1212 4300 1308 4354 desunt

163 4385 395 4440 221111111111111
414 4387 441 4439 B
494 4387 527 4439 25
547 4385 753 4439 animum—26
772 4401 826 4438 non
844 4385 945 4439 habeus
964 4403 1014 4442 om.
1035 4388 1062 4441 A
