3200 5034
269 355 311 420 24
497 356 613 421 Quinti
631 355 771 424 Septimi
788 356 956 410 Plorantis
975 357 1175 411 Tertulliani

213 531 1405 619 “mmmmwmmffimmmmmffle

267 635 374 699 brihus
397 637 565 722 uestietur„
589 637 663 718 quid
687 638 724 700 de
747 638 942 719 pantomimo
962 637 1121 717 iudicabit,
1145 639 1198 718 qui
1219 638 1314 702 etiam
1337 657 1405 701 mu-

266 739 416 804 hehribus
439 744 616 827 curuatjur?
662 759 737 805 sane
761 744 792 804 et
814 741 867 804 ille
894 741 1004 805 artifex
1031 760 1206 825 pugnorum
1234 742 1405 825 impunitus

267 843 334 908 ihit.
381 845 459 908 tales
492 845 577 908 enim
608 846 765 909 cicatrices
794 848 957 909 caestuum
990 849 1021 910 et
1050 846 1145 909 callos
1173 864 1350 929 pugnorum
1376 850 1407 911 et

229 964 242 1003 ⁵
269 949 391 1012 aurium
414 948 569 1032 fungosa
589 951 645 1014 dee
669 968 739 1029 eum
763 950 971 1032 plasmaretur
995 950 1128 1033 accepit;
1151 951 1219 1014 ideo
1242 951 1288 1014 illi
1302 951 1405 1016 oculos

270 1052 345 1116 deus
368 1054 589 1134 commodauit,
616 1058 652 1118 ut
678 1055 856 1137 uapuiando
884 1054 1038 1118 deficiant.
1085 1057 1172 1119 taceo
1201 1054 1238 1118 de
1265 1055 1328 1134 illo,
1356 1057 1407 1136 qui

268 1157 428 1220 hominem
451 1158 534 1222 leoni
557 1176 631 1240 prae
654 1177 687 1222 se
711 1160 847 1241 opponit,
871 1177 910 1222 ne
933 1176 1058 1241 parum·
1069 1157 1111 1222 sit
1136 1158 1291 1223 homicida
1313 1176 1407 1240 quam

269 1262 322 1342 qui
346 1262 480 1325 eundem
502 1262 702 1344 postmodum
726 1262 857 1346 iugulat.

312 1363 362 1429 24.
389 1364 470 1446 Quot
486 1367 586 1431 adhuc
602 1367 702 1444 modis
726 1365 939 1449 probauimus‚
961 1365 1099 1430 nihileis
1121 1367 1266 1449 hisquae
1289 1369 1408 1448 specta-

218 1485 243 1524 10
269 1470 345 1533 culis
376 1470 566 1553 deputantur
592 1471 740 1554 placitum
764 1471 822 1536 deo
852 1473 938 1535 csse!
973 1474 1006 1535 at
1035 1488 1209 1554 congruens
1240 1489 1330 1535 seruo
1360 1471 1410 1534 dsi

269 1574 350 1655 quod
373 1575 429 1638 deo
452 1575 601 1657 placitum
625 1593 687 1639 non
711 1576 772 1638 sit?
814 1575 842 1639 si
864 1576 970 1639 omnia
991 1578 1117 1658 propter
1140 1575 1299 1639 diabolum
1320 1575 1410 1640 iusti·

268 1682 341 1762 tuta
368 1681 404 1763 etl
430 1697 466 1743 ex
493 1678 609 1744 diaboli
634 1679 728 1743 rebus
756 1679 909 1744 instructa
936 1679 1180 1743 monstrauimus
1208 1679 1299 1762 (nihil
1326 1680 1409 1744 enim

269 1800 331 1847 non
359 1781 474 1846 diaboli
504 1785 551 1846 est
579 1783 724 1864 quicquid
752 1783 803 1847 dei
829 1801 891 1846 non
919 1786 968 1846 est
993 1783 1044 1846 uel
1072 1783 1128 1846 deo
1157 1783 1325 1866 disphcet),
1352 1784 1411 1847 hoc

270 1887 329 1951 erit
351 1904 466 1969 pompa
488 1886 614 1967 diaboli,
638 1887 787 1951 aduersus
805 1906 899 1969 quem
921 1887 953 1949 in
976 1887 1137 1970 signaculo
1159 1885 1232 1950 fidei
1247 1888 1410 1951 eieramus.

217 1990 243 2044 '1⁵
270 1991 352 2073 quod
368 1994 472 2054 autem
489 1991 651 2071 eieramus
675 2010 775 2072 neque
790 1992 872 2055 facto
895 2009 996 2072 neque
1013 1990 1093 2054 dicto
1109 2009 1209 2072 neque
1224 1991 1294 2054 uisu
1310 2009 1411 2072 noque

271 2099 439 2178 conspectu
465 2095 651 2178 participare
678 2095 839 2160 debemus.
886 2099 1024 2158 ceterum
1052 2095 1097 2158 sic
1120 2113 1176 2159 nos
1205 2095 1358 2159 eieramus
1382 2098 1413 2158 et

270 2196 473 2264 rescindimus
498 2200 696 2282 signaculum
714 2199 917 2264 rescindendo
937 2199 1138 2263 testationem
1153 2199 1230 2263 eius.
1262 2198 1413 2280 numquid

272 2321 344 2388 ergo
368 2307 519 2387 superest,
543 2307 578 2368 ut
602 2304 640 2367 ab
664 2304 740 2387 ipsis
764 2303 897 2368 ethnicis
920 2321 1106 2386 responsum
1128 2302 1330 2386 flagitemus?
1367 2303 1414 2366 illi

206 2407 1413 2490 lrfflmmfflfflmmmmfflfflmmmmmawn

220 2526 245 2564 20
271 2513 345 2576 hinc
367 2513 418 2577 uel
442 2512 575 2575 maxime
597 2512 776 2595 intelligunt
800 2508 804 2596 l
829 2512 948 2576 factum
972 2511 1196 2592 Christianum,
1224 2511 1261 2574 de
1284 2512 1411 2594 repudio
1430 2517 1508 2572 1103

273 2617 528 2699 spectaculorum.
558 2617 662 2698 itaque
682 2620 778 2700 negat
800 2616 975 2702 manifeste
998 2617 1050 2698 qui
1065 2636 1120 2699 per
1136 2616 1219 2697 quod
1234 2615 1414 2700 agnoscitur

274 2720 364 2784 tollit.
407 2721 480 2802 quid
504 2724 608 2785 autem
632 2721 697 2804 spei
726 2725 869 2803 superest
895 2721 940 2806 lin,
961 2721 1114 2784 eiusmodi
1135 2720 1285 2785 homine?
1320 2731 1439 2783 nemo

273 2826 304 2888 in
322 2829 423 2889 castra
441 2826 580 2890 hostium
596 2826 711 2889 transit
727 2825 788 2889 nisi
807 2825 954 2907 proiectis
974 2825 1067 2888 armis
1085 2825 1159 2904 suiS,
1180 2825 1241 2888 nisi
1257 2825 1414 2889 destitutis

164 2931 168 2938 '
214 2980 215 2983 ,
275 2931 370 3013 signis
394 2933 426 2993 et
449 2930 651 2994 sacramentis
674 2929 824 3012 principis
848 2931 906 3008 sui,
931 2929 994 2992 nisi
1015 2932 1126 3011 pactus
1150 2929 1245 2992 simul
1268 2929 1376 3012 perire.
1440 2992 1444 2999 ,

380 3100 407 3168 l]
426 3100 534 3154 Denter.
554 3102 595 3163 22,
615 3103 638 3156 5.

290 3246 293 3252 ’
319 3258 335 3310 2
353 3255 483 3308 uestiatur
500 3256 656 3324 Lccpoidus
708 3255 839 3308 iudicauit
857 3256 883 3309 A
943 3257 959 3310 3
978 3256 1105 3308 curuatur
1123 3256 1236 3323 scripsi:
1254 3258 1362 3308 curatur
1380 3257 1416 3324 B,

277 3359 309 3396 cu
320 3385 325 3396 .
337 3386 342 3396 .
355 3359 401 3396 .ur
413 3343 449 3409 A,
468 3344 560 3395 utatur
583 3343 641 3409 Urs,
660 3341 792 3395 calceatur
806 3342 840 3395 E.
855 3343 1070 3410 Klussoacooas
1089 3343 1225 3394 scurratur
1243 3343 1276 3396 de
1287 3342 1418 3412 Laporda

276 3428 459 3484 4cicastrices
478 3431 556 3482 tuum
574 3429 601 3482 A
676 3429 833 3497 5aurium]
857 3427 963 3481 rudium
986 3429 1042 3482 Lot
1112 3427 1200 3480 adeo
1223 3431 1259 3495 B,
1284 3427 1317 3480 ad
1340 3445 1371 3481 ea
1389 3430 1417 3483 A

276 3516 453 3585 plasmaretur
466 3516 573 3585 ABmp,
592 3531 639 3568 suo
652 3514 781 3584 plasmate
794 3517 822 3570 Β
869 3515 909 3568 1111
927 3514 1016 3568 oculos
1029 3514 1093 3568 deus
1107 3514 1288 3568 commodauit
1305 3517 1418 3584 scripsi:

277 3602 318 3656 illi
336 3601 425 3655 oculos
439 3601 503 3654 deus
515 3601 662 3671 plasmauit
673 3604 709 3668 B,
728 3601 788 3654 illos
806 3601 894 3655 oculos
914 3601 1112 3655 commendauit
1130 3602 1165 3669 A,
1183 3600 1224 3654 illi
1242 3601 1331 3654 oculos
1352 3601 1418 3655 deus

279 3689 476 3744 commendauit
494 3691 566 3759 Bmp
614 3692 628 3742 7
647 3688 754 3757 parum]
773 3688 883 3757 perinde
896 3690 931 3743 E.
943 3690 1148 3743 Klussmaoous
1196 3704 1276 3755 quam
1294 3689 1342 3742 del.
1361 3689 1418 3758 Rip

279 3780 295 3832 9
314 3779 378 3844 quot
398 3777 461 3831 Gal:
478 3775 549 3844 quod
568 3776 623 3829 AB
676 3775 848 3844 probauimus
866 3777 978 3844 scripsi:
995 3774 1177 3843 perorabimus
1195 3776 1230 3842 B,
1253 3773 1419 3842 sperabimus

279 3865 378 3932 ABoip
431 3861 604 3931 expectaculis
622 3863 649 3916 A
700 3865 732 3918 10
751 3865 779 3914 91
796 3863 908 3931 scripsi:
926 3864 973 3914 aut
985 3863 1041 3916 AB
1088 3860 1131 3914 dei
1148 3861 1232 3914 seruis
1245 3863 1272 3915 Β
1321 3862 1351 3915 11
1372 3859 1419 3913 do-

279 3949 351 4003 mino
369 3951 396 4003 Β
451 3951 556 4018 praeter
573 3950 600 4002 A
658 3950 690 4002 13
713 3946 819 4001 diabolo
837 3949 864 4002 A
917 3948 960 4001 uel
978 3946 1108 4015 quidquid
1126 3949 1182 4017 Rip
1246 3946 1288 4000 dei
1306 3962 1360 3999 non
1378 3951 1420 4000 est

279 4036 322 4089 uel
340 4054 390 4092 coo.
404 4038 431 4090 A
492 4038 626 4103 liquam
645 4036 672 4089 Β
726 4050 830 4087 eramus
849 4036 875 4089 A
930 4038 962 4090 15
981 4034 1052 4102 quod
1070 4037 1159 4087 autem
1179 4034 1308 4087 eieramus
1327 4051 1377 4089 om.
1391 4035 1419 4088 A

282 4125 314 4179 16
331 4125 472 4191 prospectu
492 4123 518 4176 B
566 4122 602 4174 sic
621 4136 668 4174 nos
682 4122 799 4189 ¹scripsi:
817 4121 839 4174 si
857 4137 905 4174 nos
923 4123 959 4189 A,
978 4136 1064 4174 nonne
1082 4122 1109 4175 B
1164 4124 1196 4175 17
1215 4122 1341 4176 lmanom
1355 4127 1421 4188 post
1446 4161 1453 4175 .

281 4209 337 4262 sius
360 4210 483 4279 signauit
504 4209 538 4262 E.
554 4209 759 4262 Klossmuonros
831 4211 863 4264 19
889 4208 942 4262 iam
965 4206 1042 4262 nobis
1064 4209 1092 4263 B
1163 4209 1196 4264 22
1219 4205 1421 4274 huiusmodiB

281 4297 314 4357 23
334 4296 385 4354 uisi
402 4295 526 4372 proiectis
545 4295 625 4354 armis
645 4294 698 4352 suis
717 4313 768 4353 om.
782 4296 810 4353 A
