3200 5034
565 460 640 513 VIII.
659 460 704 513 De
722 458 887 528 pudicitia
905 461 981 514 2-4.
1278 454 1342 520 225

201 636 307 698 autem
330 634 370 698 ad
392 652 459 715 nos,
484 636 538 717 qui
562 636 663 699 solum
686 634 848 700 dominnm
871 635 1072 699 meminimus
1096 633 1210 699 delicta
1232 648 1342 696 conce-

201 738 287 819 dere,
319 742 350 803 et
379 740 487 821 ntique
518 742 674 821 mortaha,
705 759 768 805 non
799 741 917 805 frustra
946 743 1065 824 agetur.
1111 738 1150 802 ad
1180 737 1341 801 dominum
1402 727 1406 734 .

179 844 285 905 enim
307 844 438 907 remissa
462 847 494 908 et
515 844 560 908 illi
584 846 692 909 exinde
715 848 886 928 prostrata,
916 844 976 908 hoc
1005 844 1073 926 ipso
1102 841 1204 925 magis
1235 858 1342 924 opera-

199 945 284 1011 bitur
313 949 453 1029 ueniam,
484 950 566 1030 quod
593 968 662 1013 eam
686 967 704 1013 a
727 950 791 1014 solo
815 950 871 1014 deo
896 951 1013 1029 exorat,
1046 946 1127 1030 quod
1151 945 1261 1010 dehcto
1286 962 1341 1008 suo

199 1050 373 1116 humanam
395 1071 506 1136 pacem
533 1053 676 1119 sufficere
707 1072 769 1119 non
799 1054 911 1134 credit,
942 1053 1024 1135 quod
1047 1050 1198 1115 ecclesiae
1221 1050 1342 1113 mauult
1366 1071 1394 1114 s

200 1155 383 1221 erubescere
406 1176 502 1240 quam
525 1159 767 1223 communicare.
800 1159 926 1223 adsistit
946 1157 1030 1221 enim
1053 1174 1108 1239 pro
1132 1153 1251 1219 foribus
1276 1154 1341 1218 eius

200 1260 293 1325 etde
316 1266 408 1327 notae
431 1281 506 1328 suae
530 1264 671 1348 exemplo
695 1267 815 1329 ceteros
838 1264 985 1328 admonet
1002 1264 1032 1325 et
1048 1261 1193 1325 lacrimas
1208 1258 1342 1323 fratrum

200 1364 261 1429 sibi
283 1385 406 1449 quoque
429 1368 560 1433 aduocat
587 1372 619 1433 et
648 1368 728 1434 redit
757 1369 827 1452 plus
858 1369 966 1449 utiquc
997 1366 1169 1450 negotiata,
1200 1378 1342 1445 compas-v
1396 1363 1399 1379 '

200 1470 321 1535 sionem
343 1471 464 1537 scilicet
486 1492 581 1555 quam
604 1474 930 1538 communicationem.
970 1474 1002 1535 et
1024 1471 1050 1535 si
1071 1487 1182 1552 pacem
1204 1468 1256 1531 hic
1279 1484 1341 1530 non

199 1576 304 1656 metit,
339 1577 422 1660 apud
441 1576 613 1641 ,dominum
647 1578 791 1642 seminat.
839 1596 897 1642 nec
927 1576 1058 1656 amitt't,
1093 1575 1147 1638 sed
1177 1573 1341 1655 praeparat
1369 1598 1394 1636 ιο

198 1679 345 1743 fructum.
385 1698 447 1745 non
469 1682 596 1746 uacabit
618 1682 656 1746 ab
681 1683 903 1763 emolumento,
927 1682 953 1745 si
975 1699 1038 1745 non
1061 1676 1221 1743 uacauerit
1241 1674 1280 1738 ab
1297 1675 1342 1739 of-

199 1781 277 1847 ficio.
323 1785 368 1849 ita
389 1804 448 1851 nec
469 1786 661 1869 paenitentia
683 1786 863 1851 huiusmodi
889 1804 973 1850 uana
994 1802 1052 1850 nec
1075 1782 1239 1865 disciplina
1262 1779 1342 1843 eius-

199 1888 285 1951 modi
316 1889 393 1953 dura
423 1894 479 1955 est.
526 1892 620 1954 deum
646 1891 758 1955 ambae
780 1892 946 1956 honorant.
991 1890 1046 1953 illa
1068 1887 1147 1952 nihil
1170 1883 1230 1949 sibi
1251 1883 1341 1954 blan-

198 1992 310 2055 diendo
339 1993 461 2058 facibus
490 1994 686 2079 impetrabit,
716 1997 778 2060 ista
808 1996 886 2059 nihil
916 1993 977 2058 sibi
1003 1988 1195 2057 adsumendo
1217 1987 1340 2069 plenius

199 2096 368 2161 adiuuabit.
1265 2178 1269 2184 Ι
1368 2118 1392 2157 ro

241 2200 272 2265 4.
296 2201 469 2267 Possumus
499 2204 595 2288 igitur
626 2205 814 2269 demandata
843 2204 1053 2289 paenitentiae
1080 2198 1278 2265 distinctione
1302 2196 1341 2259 ad

197 2306 338 2388 ipsorum
360 2308 423 2371 iam
447 2308 631 2373 delictorum
653 2309 778 2393 regredi
800 2328 941 2388 censum,
965 2326 1005 2371 an
1028 2324 1065 2369 ea
1087 2305 1161 2383 sint,
1185 2319 1263 2384 quae
1286 2318 1340 2364 ue-

197 2410 286 2474 niam
309 2410 347 2475 ab
371 2412 550 2477 hominibus
573 2415 721 2497 consequi
742 2414 873 2496 possint.
909 2412 1052 2496 inprimis
1068 2409 1150 2492 quod
1165 2405 1341 2471 moechiam

198 2518 231 2578 et
256 2516 491 2581 fornicationem
514 2518 729 2599 nominamus,
759 2538 835 2583 usus
860 2517 1043 2600 expostulat.
1089 2512 1187 2577 habet
1211 2513 1242 2574 et
1263 2508 1340 2573 fides

197 2620 393 2701 quorundam
426 2623 590 2686 nominum
623 2623 881 2688 familiaritatem.
938 2622 983 2686 ita
1012 2621 1045 2685 in
1075 2618 1161 2683 omni
1191 2614 1339 2698 opusculo
1367 2638 1392 2677 20

197 2742 292 2787 usum
314 2726 516 2791 custodimus.
551 2730 691 2791 ceterum
713 2728 739 2791 si
763 2728 952 2792 adulterium
973 2729 1004 2789 et
1023 2725 1049 2789 si
1064 2727 1209 2806 stuprum
1225 2719 1339 2799 dixero,

197 2847 296 2892 uuum
327 2830 386 2894 erit
415 2831 647 2897 contaminatae
677 2833 779 2896 carnis
812 2832 958 2915 elogium.
1004 2848 1061 2893 nec
1095 2827 1179 2892 enim
1209 2825 1339 2889 interest

196 2936 328 3016 nuptam
352 2934 488 2998 alienam
511 2953 551 2998 an
573 2936 702 3001 uiduam
725 2936 795 3018 quis
818 2937 972 3015 incurset,
996 2935 1071 2998 dum
1094 2949 1157 2995 non
1180 2946 1271 2994 suam
1294 2926 1339 2989 f-

195 3038 332 3113 minam3
363 3041 443 3104 sicut
465 3058 523 3103 nec
545 3041 620 3105 locis
643 3042 749 3122 refert,
772 3042 805 3105 in
828 3040 980 3105 cubiculis
1004 3057 1044 3103 an
1066 3038 1099 3101 in
1121 3032 1258 3100 turribus
1281 3048 1339 3114 pu-

196 3142 302 3206 dicitia
331 3143 512 3209 trucidetur.
563 3162 655 3209 omne
685 3145 891 3210 homicidium
922 3148 953 3209 et
983 3146 1069 3207 extra
1100 3141 1215 3205 siluam
1243 3137 1339 3200 latro·
1365 3160 1390 3200 ss

195 3248 312 3310 ciuium
342 3251 398 3311 cst.
446 3249 491 3313 ita
520 3252 552 3313 et
580 3249 759 3332 ubicunque
790 3251 842 3314 uel
866 3250 900 3313 in
922 3251 1107 3331 quacunque
1131 3229 1338 3324 semetipsum

195 3351 352 3416 adulterat
375 3355 406 3416 et
428 3356 559 3436 stuprat,
583 3355 636 3436 qui
659 3354 750 3417 aliter
770 3373 865 3436 quam
881 3354 997 3437 nuptiis
1014 3352 1123 3416 utitur.
1158 3347 1226 3411 ideo
1242 3362 1338 3428 penes

195 3463 260 3520 nos
276 3457 415 3519 occultae
438 3476 560 3540 quoque
581 3458 827 3539 coniunctiones,
850 3458 882 3522 id
899 3461 947 3522 est
962 3476 1024 3521 non
1039 3456 1125 3540 prius
1141 3451 1224 3536 apud
1241 3447 1339 3513 ecclc·

195 3560 277 3623 siam
298 3560 467 3643 professae,
489 3561 577 3626 iuxta
599 3563 775 3627 moechiam
799 3566 830 3625 et
851 3562 1090 3626 fornicationem
1112 3554 1242 3622 iudicari
1256 3550 1338 3634 peri-

195 3664 354 3728 clitantur.
386 3684 444 3731 nec
458 3666 529 3731 iude
545 3670 707 3731 consertae
723 3668 849 3749 nuptiae
865 3666 996 3730 obtentu
1012 3660 1203 3728 matrimonii
1219 3658 1337 3722 crimen
1364 3678 1390 3719 co

195 3769 335 3833 eludant.
379 3770 516 3853 reliquas
546 3774 653 3835 autem
681 3770 850 3835 hbidinum
879 3771 976 3835 furias
1008 3770 1120 3852 impias
1152 3770 1184 3831 et
1211 3768 1244 3831 in
1271 3783 1337 3829 cor-

239 3961 256 4016 8
278 3959 338 4028 plus
361 3959 453 4028 utique
477 3962 543 4017 Urs:
568 3961 680 4031 plusque
701 3963 738 4027 B,
765 3962 940 4032 precibusque
958 3962 1023 4029 Lat,
1050 3959 1110 4030 plus
1133 3959 1246 4029 plusque
1265 3959 1338 4027 Scol,

194 4046 256 4116 plus
273 4047 417 4115 quidhoc,
436 4047 496 4116 plus
514 4065 598 4117 usque
614 4050 740 4105 oehlerus
793 4052 827 4105 17
845 4066 876 4102 ca
891 4049 920 4116 G,
937 4049 988 4102 hae
999 4050 1034 4117 B,
1052 4043 1186 4103 haec'Ure
1240 4049 1272 4102 18
1289 4046 1337 4098 ho-

195 4133 314 4187 minibus
332 4135 403 4189 Lat:
421 4130 590 4189 omnibusB
661 4139 695 4192 23
713 4136 829 4190 alienam
848 4138 897 4191 del.
916 4135 1075 4191 Oiaccouias
1140 4133 1268 4188 feminam
1286 4134 1336 4188 del.

192 4221 360 4277 Cioccocirrs
406 4224 441 4277 24
453 4222 575 4276 curribus
592 4223 761 4293 Oicccooius,
774 4224 840 4277 toris
853 4225 998 4279 Hortclc‘us
1045 4224 1078 4277 25
1092 4224 1119 4275 et
1130 4223 1194 4277 odd.
1211 4222 1338 4276 chlcrus

193 4308 269 4361 intra
286 4310 357 4364 Pam
410 4312 444 4364 26
463 4327 647 4379 quamcunque
662 4313 713 4367 Gal
765 4315 798 4367 30
817 4328 850 4367 ne
866 4313 924 4367 Lat
980 4310 1089 4379 nuptiae
1107 4310 1207 4365 addidi
1259 4311 1291 4364 31
1311 4311 1338 4362 et

194 4395 367 4462 mamB

247 4493 291 4535 XX.
306 4492 392 4535 Tertl.
1150 4488 1181 4537 15
