<?xml version="1.0" encoding="UTF-8"?>
<!DOCTYPE html PUBLIC "-//W3C//DTD XHTML 1.0 Transitional//EN"
    "http://www.w3.org/TR/xhtml1/DTD/xhtml1-transitional.dtd">
<html xmlns="http://www.w3.org/1999/xhtml" xml:lang="en" lang="en">
 <head>
  <title>
</title>
<meta http-equiv="Content-Type" content="text/html;charset=utf-8" />
  <meta name='ocr-system' content='tesseract 3.04.00' />
  <meta name='ocr-capabilities' content='ocr_page ocr_carea ocr_par ocr_line ocrx_word'/>
</head>
<body>
  <div class='ocr_page' id='page_1' title='image "./corpusscriptoru24wissgoog/corpusscriptoru24wissgoog_0245.png"; bbox 0 0 3200 5034; ppageno 0'>
   <div class='ocr_carea' id='block_1_1' title="bbox 286 452 1197 521">
    <p class='ocr_par' dir='ltr' id='par_1_1' title="bbox 286 452 1197 521">
     <span class='ocr_line' id='line_1_1' title="bbox 286 452 1197 521; baseline -0.003 -12"><span class='ocrx_word' id='word_1_1' title='bbox 286 452 351 517; x_wconf 78' lang='grc'>226</span> <span class='ocrx_word' id='word_1_2' title='bbox 516 452 630 519; x_wconf 81' lang='lat' dir='ltr'>Quinti</span> <span class='ocrx_word' id='word_1_3' title='bbox 648 452 788 521; x_wconf 83' lang='lat' dir='ltr'>Septimi</span> <span class='ocrx_word' id='word_1_4' title='bbox 805 452 975 507; x_wconf 78' lang='lat' dir='ltr'>Florentia</span> <span class='ocrx_word' id='word_1_5' title='bbox 993 452 1197 507; x_wconf 80' lang='lat' dir='ltr'>Tertulliani</span> 
     </span>
    </p>
   </div>
   <div class='ocr_carea' id='block_1_2' title="bbox 201 628 1496 3941">
    <p class='ocr_par' dir='ltr' id='par_1_2' title="bbox 201 628 1496 3941">
     <span class='ocr_line' id='line_1_2' title="bbox 286 628 1428 712; baseline -0.004 -18"><span class='ocrx_word' id='word_1_6' title='bbox 286 646 363 712; x_wconf 89' lang='lat' dir='ltr'>pora</span> <span class='ocrx_word' id='word_1_7' title='bbox 384 628 471 693; x_wconf 91' lang='lat' dir='ltr'>etin</span> <span class='ocrx_word' id='word_1_8' title='bbox 494 647 586 693; x_wconf 85' lang='grc'>11111</span> <span class='ocrx_word' id='word_1_9' title='bbox 609 629 692 694; x_wconf 90' lang='lat' dir='ltr'>ultra</span> <span class='ocrx_word' id='word_1_10' title='bbox 713 630 782 694; x_wconf 89' lang='lat' dir='ltr'>iura</span> <span class='ocrx_word' id='word_1_11' title='bbox 804 632 933 694; x_wconf 87' lang='lat' dir='ltr'>naturae</span> <span class='ocrx_word' id='word_1_12' title='bbox 957 647 1020 693; x_wconf 89' lang='lat' dir='ltr'>non</span> <span class='ocrx_word' id='word_1_13' title='bbox 1042 629 1134 693; x_wconf 92' lang='lat' dir='ltr'>modo</span> <span class='ocrx_word' id='word_1_14' title='bbox 1160 628 1285 708; x_wconf 90' lang='lat' dir='ltr'>limine,</span> <span class='ocrx_word' id='word_1_15' title='bbox 1318 645 1428 691; x_wconf 91' lang='lat' dir='ltr'>uerum</span> 
     </span>
     <span class='ocr_line' id='line_1_3' title="bbox 287 720 1426 815; baseline -0.002 -18"><span class='ocrx_word' id='word_1_16' title='bbox 287 734 372 798; x_wconf 91' lang='lat' dir='ltr'>omni</span> <span class='ocrx_word' id='word_1_17' title='bbox 395 733 545 797; x_wconf 88' lang='lat' dir='ltr'>ecclesiae</span> <span class='ocrx_word' id='word_1_18' title='bbox 568 736 650 797; x_wconf 89' lang='lat' dir='ltr'>tecto</span> <span class='ocrx_word' id='word_1_19' title='bbox 673 732 914 814; x_wconf 89' lang='lat' dir='ltr'>submonemus,</span> <span class='ocrx_word' id='word_1_20' title='bbox 943 720 1101 815; x_wconf 88' lang='lat' dir='ltr'>quianon</span> <span class='ocrx_word' id='word_1_21' title='bbox 1124 736 1199 797; x_wconf 90' lang='lat' dir='ltr'>sunt</span> <span class='ocrx_word' id='word_1_22' title='bbox 1222 732 1350 811; x_wconf 88' lang='lat' dir='ltr'>delicta,</span> <span class='ocrx_word' id='word_1_23' title='bbox 1374 732 1426 795; x_wconf 94' lang='lat' dir='ltr'>sed</span> 
     </span>
     <span class='ocr_line' id='line_1_4' title="bbox 286 841 437 903; baseline 0.007 -2"><span class='ocrx_word' id='word_1_24' title='bbox 286 841 437 903; x_wconf 88' lang='lat' dir='ltr'>monstra.</span> 
     </span>
     <span class='ocr_line' id='line_1_5' title="bbox 328 940 1425 1027; baseline -0.001 -22"><span class='ocrx_word' id='word_1_25' title='bbox 328 940 358 1006; x_wconf 77' lang='lat'>5.</span> <span class='ocrx_word' id='word_1_26' title='bbox 375 942 456 1027; x_wconf 83' lang='lat' dir='ltr'>llrgc</span> <span class='ocrx_word' id='word_1_27' title='bbox 479 943 630 1023; x_wconf 88' lang='lat' dir='ltr'>moechia,</span> <span class='ocrx_word' id='word_1_28' title='bbox 653 943 736 1024; x_wconf 90' lang='lat' dir='ltr'>quod</span> <span class='ocrx_word' id='word_1_29' title='bbox 759 943 856 1007; x_wconf 89' lang='lat' dir='ltr'>etiam</span> <span class='ocrx_word' id='word_1_30' title='bbox 878 942 1090 1007; x_wconf 89' lang='lat' dir='ltr'>fornicationis</span> <span class='ocrx_word' id='word_1_31' title='bbox 1107 945 1156 1006; x_wconf 89' lang='lat' dir='ltr'>est</span> <span class='ocrx_word' id='word_1_32' title='bbox 1171 961 1231 1023; x_wconf 90' lang='lat' dir='ltr'>res,</span> <span class='ocrx_word' id='word_1_33' title='bbox 1256 941 1425 1005; x_wconf 87' lang='lat' dir='ltr'>secundum</span> 
     </span>
     <span class='ocr_line' id='line_1_6' title="bbox 246 1046 1425 1129; baseline -0.004 -16"><span class='ocrx_word' id='word_1_34' title='bbox 246 1064 362 1129; x_wconf 74' lang='lat' dir='ltr'>copus</span> <span class='ocrx_word' id='word_1_35' title='bbox 397 1046 537 1111; x_wconf 93' lang='lat' dir='ltr'>criminis</span> <span class='ocrx_word' id='word_1_36' title='bbox 571 1047 682 1128; x_wconf 90' lang='lat' dir='ltr'>quanti</span> <span class='ocrx_word' id='word_1_37' title='bbox 716 1046 913 1111; x_wconf 89' lang='lat' dir='ltr'>aestimanda</span> <span class='ocrx_word' id='word_1_38' title='bbox 943 1048 984 1111; x_wconf 90' lang='lat' dir='ltr'>sit</span> <span class='ocrx_word' id='word_1_39' title='bbox 1015 1047 1138 1111; x_wconf 86' lang='lat' dir='ltr'>sceleris</span> <span class='ocrx_word' id='word_1_40' title='bbox 1168 1047 1271 1129; x_wconf 90' lang='lat' dir='ltr'>prima</span> <span class='ocrx_word' id='word_1_41' title='bbox 1299 1046 1349 1109; x_wconf 85' lang='lat' dir='ltr'>lex</span> <span class='ocrx_word' id='word_1_42' title='bbox 1378 1046 1425 1108; x_wconf 93' lang='lat' dir='ltr'>dei</span> 
     </span>
     <span class='ocr_line' id='line_1_7' title="bbox 285 1150 1425 1234; baseline -0.001 -20"><span class='ocrx_word' id='word_1_43' title='bbox 285 1153 409 1234; x_wconf 87' lang='lat' dir='ltr'>praesto</span> <span class='ocrx_word' id='word_1_44' title='bbox 432 1154 488 1215; x_wconf 91' lang='lat' dir='ltr'>est.</span> <span class='ocrx_word' id='word_1_45' title='bbox 534 1150 688 1233; x_wconf 81' lang='lat' dir='ltr'>siquidem</span> <span class='ocrx_word' id='word_1_46' title='bbox 710 1155 783 1234; x_wconf 90' lang='lat' dir='ltr'>post</span> <span class='ocrx_word' id='word_1_47' title='bbox 805 1151 1004 1216; x_wconf 78' lang='lat' dir='ltr'>interdictam</span> <span class='ocrx_word' id='word_1_48' title='bbox 1028 1151 1201 1215; x_wconf 89' lang='lat' dir='ltr'>alienorum</span> <span class='ocrx_word' id='word_1_49' title='bbox 1225 1151 1353 1214; x_wconf 90' lang='lat' dir='ltr'>deorum</span> <span class='ocrx_word' id='word_1_50' title='bbox 1375 1169 1425 1213; x_wconf 91' lang='lat' dir='ltr'>su-</span> 
     </span>
     <span class='ocr_line' id='line_1_8' title="bbox 201 1254 1424 1339; baseline -0.002 -20"><span class='ocrx_word' id='word_1_51' title='bbox 201 1335 204 1339; x_wconf 24' lang='lat'>,</span> <span class='ocrx_word' id='word_1_52' title='bbox 284 1255 501 1337; x_wconf 90' lang='lat' dir='ltr'>perstitionem</span> <span class='ocrx_word' id='word_1_53' title='bbox 522 1255 723 1338; x_wconf 85' lang='lat' dir='ltr'>ipsorumque</span> <span class='ocrx_word' id='word_1_54' title='bbox 739 1255 893 1319; x_wconf 89' lang='lat' dir='ltr'>idolorum</span> <span class='ocrx_word' id='word_1_55' title='bbox 908 1254 1157 1335; x_wconf 79' lang='lat' dir='ltr'>fabricationem,</span> <span class='ocrx_word' id='word_1_56' title='bbox 1181 1258 1253 1338; x_wconf 91' lang='lat' dir='ltr'>post</span> <span class='ocrx_word' id='word_1_57' title='bbox 1268 1272 1424 1318; x_wconf 91' lang='lat' dir='ltr'>commen-</span> 
     </span>
     <span class='ocr_line' id='line_1_9' title="bbox 222 1358 1422 1442; baseline -0.001 -20"><span class='ocrx_word' id='word_1_58' title='bbox 222 1369 224 1378; x_wconf 81' lang='lat'>·</span> <span class='ocrx_word' id='word_1_59' title='bbox 282 1359 393 1423; x_wconf 87' lang='lat' dir='ltr'>datam</span> <span class='ocrx_word' id='word_1_60' title='bbox 430 1358 555 1423; x_wconf 88' lang='lat' dir='ltr'>sabbati</span> <span class='ocrx_word' id='word_1_61' title='bbox 593 1360 844 1439; x_wconf 88' lang='lat' dir='ltr'>uenerationem,</span> <span class='ocrx_word' id='word_1_62' title='bbox 881 1362 953 1442; x_wconf 93' lang='lat' dir='ltr'>post</span> <span class='ocrx_word' id='word_1_63' title='bbox 989 1360 1177 1441; x_wconf 89' lang='lat' dir='ltr'>imperatam</span> <span class='ocrx_word' id='word_1_64' title='bbox 1214 1360 1248 1422; x_wconf 92' lang='lat' dir='ltr'>in</span> <span class='ocrx_word' id='word_1_65' title='bbox 1281 1361 1422 1441; x_wconf 91' lang='lat' dir='ltr'>parentas</span> 
     </span>
     <span class='ocr_line' id='line_1_10' title="bbox 285 1461 1423 1548; baseline -0.002 -21"><span class='ocrx_word' id='word_1_66' title='bbox 285 1463 456 1528; x_wconf 90' lang='lat' dir='ltr'>secundam</span> <span class='ocrx_word' id='word_1_67' title='bbox 478 1462 576 1527; x_wconf 87' lang='lat' dir='ltr'>adeo</span> <span class='ocrx_word' id='word_1_68' title='bbox 599 1464 783 1548; x_wconf 82' lang='lat' dir='ltr'>religionem</span> <span class='ocrx_word' id='word_1_69' title='bbox 806 1464 928 1527; x_wconf 89' lang='lat' dir='ltr'>nullum</span> <span class='ocrx_word' id='word_1_70' title='bbox 952 1463 1037 1527; x_wconf 88' lang='lat' dir='ltr'>aliud</span> <span class='ocrx_word' id='word_1_71' title='bbox 1059 1464 1092 1527; x_wconf 93' lang='lat' dir='ltr'>in</span> <span class='ocrx_word' id='word_1_72' title='bbox 1115 1463 1230 1527; x_wconf 88' lang='lat' dir='ltr'>talibus</span> <span class='ocrx_word' id='word_1_73' title='bbox 1253 1461 1423 1527; x_wconf 86' lang='grc'>1111111111-</span> 
     </span>
     <span class='ocr_line' id='line_1_11' title="bbox 233 1566 1421 1651; baseline -0.002 -19"><span class='ocrx_word' id='word_1_74' title='bbox 233 1594 258 1632; x_wconf 82' lang='grc'>11</span> <span class='ocrx_word' id='word_1_75' title='bbox 284 1566 408 1631; x_wconf 85' lang='lat' dir='ltr'>mandis</span> <span class='ocrx_word' id='word_1_76' title='bbox 431 1568 671 1651; x_wconf 87' lang='lat' dir='ltr'>muniendisque</span> <span class='ocrx_word' id='word_1_77' title='bbox 695 1567 869 1632; x_wconf 86' lang='lat' dir='ltr'>substruxit</span> <span class='ocrx_word' id='word_1_78' title='bbox 892 1571 1094 1651; x_wconf 90' lang='lat' dir='ltr'>praeceptum</span> <span class='ocrx_word' id='word_1_79' title='bbox 1121 1586 1217 1650; x_wconf 86' lang='lat' dir='ltr'>quam</span> <span class='ocrx_word' id='word_1_80' title='bbox 1239 1586 1311 1631; x_wconf 90' lang='lat' dir='ltr'>non</span> <span class='ocrx_word' id='word_1_81' title='bbox 1334 1584 1421 1630; x_wconf 92' lang='lat' dir='ltr'>moe-</span> 
     </span>
     <span class='ocr_line' id='line_1_12' title="bbox 284 1670 1421 1755; baseline -0.001 -21"><span class='ocrx_word' id='word_1_82' title='bbox 284 1670 467 1736; x_wconf 83' lang='lat' dir='ltr'>chaberis</span> <span class='ocrx_word' id='word_1_83' title='bbox 527 1675 598 1755; x_wconf 88' lang='lat' dir='ltr'>post</span> <span class='ocrx_word' id='word_1_84' title='bbox 628 1672 803 1755; x_wconf 89' lang='lat' dir='ltr'>spiritalem</span> <span class='ocrx_word' id='word_1_85' title='bbox 834 1672 919 1737; x_wconf 92' lang='lat' dir='ltr'>enim</span> <span class='ocrx_word' id='word_1_86' title='bbox 951 1672 1130 1736; x_wconf 86' lang='lat' dir='ltr'>cast‘tatem</span> <span class='ocrx_word' id='word_1_87' title='bbox 1165 1672 1421 1753; x_wconf 88' lang='lat' dir='ltr'>sanctitatemque</span> 
     </span>
     <span class='ocr_line' id='line_1_13' title="bbox 284 1775 1420 1860; baseline -0.002 -21"><span class='ocrx_word' id='word_1_88' title='bbox 284 1776 451 1858; x_wconf 88' lang='lat' dir='ltr'>corporalis</span> <span class='ocrx_word' id='word_1_89' title='bbox 474 1775 663 1858; x_wconf 85' lang='lat' dir='ltr'>sequebatur</span> <span class='ocrx_word' id='word_1_90' title='bbox 678 1777 850 1860; x_wconf 85' lang='lat' dir='ltr'>integritas.</span> <span class='ocrx_word' id='word_1_91' title='bbox 888 1780 920 1841; x_wconf 91' lang='lat' dir='ltr'>at</span> <span class='ocrx_word' id='word_1_92' title='bbox 935 1777 1016 1841; x_wconf 91' lang='lat' dir='ltr'>hanc</span> <span class='ocrx_word' id='word_1_93' title='bbox 1031 1777 1137 1858; x_wconf 90' lang='lat' dir='ltr'>itaque</span> <span class='ocrx_word' id='word_1_94' title='bbox 1153 1777 1288 1840; x_wconf 90' lang='lat' dir='ltr'>muniuit</span> <span class='ocrx_word' id='word_1_95' title='bbox 1302 1775 1420 1839; x_wconf 88' lang='lat' dir='ltr'>hostem</span> 
     </span>
     <span class='ocr_line' id='line_1_14' title="bbox 284 1879 1421 1963; baseline 0 -20"><span class='ocrx_word' id='word_1_96' title='bbox 284 1879 392 1959; x_wconf 89' lang='lat' dir='ltr'>statim</span> <span class='ocrx_word' id='word_1_97' title='bbox 416 1879 482 1943; x_wconf 90' lang='lat' dir='ltr'>eius</span> <span class='ocrx_word' id='word_1_98' title='bbox 504 1880 696 1963; x_wconf 89' lang='lat' dir='ltr'>prohibendo</span> <span class='ocrx_word' id='word_1_99' title='bbox 719 1881 904 1945; x_wconf 89' lang='lat' dir='ltr'>moechiam.</span> <span class='ocrx_word' id='word_1_100' title='bbox 951 1880 1041 1962; x_wconf 90' lang='lat' dir='ltr'>quale</span> <span class='ocrx_word' id='word_1_101' title='bbox 1065 1880 1215 1944; x_wconf 89' lang='lat' dir='ltr'>delictum</span> <span class='ocrx_word' id='word_1_102' title='bbox 1241 1882 1305 1945; x_wconf 87' lang='lat' dir='ltr'>iam</span> <span class='ocrx_word' id='word_1_103' title='bbox 1334 1879 1421 1943; x_wconf 87' lang='lat' dir='ltr'>intel-</span> 
     </span>
     <span class='ocr_line' id='line_1_15' title="bbox 282 1983 1421 2068; baseline -0.001 -20"><span class='ocrx_word' id='word_1_104' title='bbox 282 1985 362 2068; x_wconf 90' lang='lat' dir='ltr'>lege,</span> <span class='ocrx_word' id='word_1_105' title='bbox 386 1984 473 2047; x_wconf 89' lang='lat' dir='ltr'>cuins</span> <span class='ocrx_word' id='word_1_106' title='bbox 497 1983 718 2049; x_wconf 89' lang='lat' dir='ltr'>cohibitionem</span> <span class='ocrx_word' id='word_1_107' title='bbox 739 1987 812 2066; x_wconf 89' lang='lat' dir='ltr'>post</span> <span class='ocrx_word' id='word_1_108' title='bbox 833 1985 1040 2049; x_wconf 89' lang='lat' dir='ltr'>idololatriam</span> <span class='ocrx_word' id='word_1_109' title='bbox 1063 1984 1228 2048; x_wconf 90' lang='lat' dir='ltr'>ordinauit.</span> <span class='ocrx_word' id='word_1_110' title='bbox 1273 1984 1352 2048; x_wconf 91' lang='lat' dir='ltr'>nihil</span> <span class='ocrx_word' id='word_1_111' title='bbox 1377 2002 1421 2046; x_wconf 89' lang='lat' dir='ltr'>se·</span> 
     </span>
     <span class='ocr_line' id='line_1_16' title="bbox 232 2087 1421 2171; baseline -0.003 -17"><span class='ocrx_word' id='word_1_112' title='bbox 232 2114 257 2154; x_wconf 81' lang='lat' dir='ltr'>a</span> <span class='ocrx_word' id='word_1_113' title='bbox 284 2087 421 2151; x_wconf 91' lang='lat' dir='ltr'>cundum</span> <span class='ocrx_word' id='word_1_114' title='bbox 442 2088 628 2171; x_wconf 84' lang='lat' dir='ltr'>longinquat</span> <span class='ocrx_word' id='word_1_115' title='bbox 651 2106 669 2151; x_wconf 91' lang='lat' dir='ltr'>a</span> <span class='ocrx_word' id='word_1_116' title='bbox 691 2089 800 2171; x_wconf 91' lang='lat' dir='ltr'>primo.</span> <span class='ocrx_word' id='word_1_117' title='bbox 837 2088 914 2152; x_wconf 94' lang='lat' dir='ltr'>nihil</span> <span class='ocrx_word' id='word_1_118' title='bbox 937 2092 1003 2152; x_wconf 89' lang='lat' dir='ltr'>tam</span> <span class='ocrx_word' id='word_1_119' title='bbox 1022 2089 1199 2170; x_wconf 82' lang='lat' dir='ltr'>proximum</span> <span class='ocrx_word' id='word_1_120' title='bbox 1214 2089 1315 2170; x_wconf 91' lang='lat' dir='ltr'>primo</span> <span class='ocrx_word' id='word_1_121' title='bbox 1331 2106 1421 2170; x_wconf 90' lang='lat' dir='ltr'>quam</span> 
     </span>
     <span class='ocr_line' id='line_1_17' title="bbox 284 2181 1420 2278; baseline -0.002 -22"><span class='ocrx_word' id='word_1_122' title='bbox 284 2181 466 2256; x_wconf 85' lang='lat' dir='ltr'>secundum.</span> <span class='ocrx_word' id='word_1_123' title='bbox 502 2191 583 2272; x_wconf 90' lang='lat' dir='ltr'>quod</span> <span class='ocrx_word' id='word_1_124' title='bbox 605 2191 641 2255; x_wconf 90' lang='lat' dir='ltr'>fit</span> <span class='ocrx_word' id='word_1_125' title='bbox 664 2191 834 2278; x_wconf 79' lang='lat' dir='ltr'>exprimo,</span> <span class='ocrx_word' id='word_1_126' title='bbox 858 2192 942 2256; x_wconf 90' lang='lat' dir='ltr'>aliud</span> <span class='ocrx_word' id='word_1_127' title='bbox 964 2191 1192 2273; x_wconf 89' lang='lat' dir='ltr'>quodammodo</span> <span class='ocrx_word' id='word_1_128' title='bbox 1215 2194 1353 2275; x_wconf 90' lang='lat' dir='ltr'>primum</span> <span class='ocrx_word' id='word_1_129' title='bbox 1368 2194 1420 2255; x_wconf 92' lang='lat' dir='ltr'>est.</span> 
     </span>
     <span class='ocr_line' id='line_1_18' title="bbox 284 2295 1421 2376; baseline -0.001 -16"><span class='ocrx_word' id='word_1_130' title='bbox 284 2296 388 2376; x_wconf 91' lang='lat' dir='ltr'>itaque</span> <span class='ocrx_word' id='word_1_131' title='bbox 411 2296 553 2359; x_wconf 91' lang='lat' dir='ltr'>moechia</span> <span class='ocrx_word' id='word_1_132' title='bbox 573 2295 685 2360; x_wconf 90' lang='lat' dir='ltr'>adfinis</span> <span class='ocrx_word' id='word_1_133' title='bbox 701 2296 903 2360; x_wconf 82' lang='lat' dir='ltr'>idololatriae.</span> <span class='ocrx_word' id='word_1_134' title='bbox 939 2315 1013 2360; x_wconf 94' lang='lat' dir='ltr'>nam</span> <span class='ocrx_word' id='word_1_135' title='bbox 1030 2301 1061 2361; x_wconf 90' lang='grc'>11</span> <span class='ocrx_word' id='word_1_136' title='bbox 1076 2296 1251 2361; x_wconf 90' lang='lat' dir='ltr'>idololatria</span> <span class='ocrx_word' id='word_1_137' title='bbox 1267 2296 1421 2361; x_wconf 82' lang='lat' dir='ltr'>moechiae</span> 
     </span>
     <span class='ocr_line' id='line_1_19' title="bbox 283 2391 1421 2484; baseline 0 -21"><span class='ocrx_word' id='word_1_138' title='bbox 283 2399 409 2464; x_wconf 91' lang='lat' dir='ltr'>nomine</span> <span class='ocrx_word' id='word_1_139' title='bbox 439 2391 480 2463; x_wconf 64' lang='lat' dir='ltr'>et&#39;</span> <span class='ocrx_word' id='word_1_140' title='bbox 499 2399 713 2464; x_wconf 87' lang='lat' dir='ltr'>fornicationis</span> <span class='ocrx_word' id='word_1_141' title='bbox 744 2419 837 2483; x_wconf 87' lang='lat' dir='ltr'>saepe</span> <span class='ocrx_word' id='word_1_142' title='bbox 866 2401 980 2484; x_wconf 92' lang='lat' dir='ltr'>populo</span> <span class='ocrx_word' id='word_1_143' title='bbox 1012 2401 1197 2484; x_wconf 82' lang='lat' dir='ltr'>exprobrata</span> <span class='ocrx_word' id='word_1_144' title='bbox 1227 2402 1322 2465; x_wconf 89' lang='lat' dir='ltr'>etiam</span> <span class='ocrx_word' id='word_1_145' title='bbox 1344 2403 1421 2465; x_wconf 89' lang='lat' dir='ltr'>sorte</span> 
     </span>
     <span class='ocr_line' id='line_1_20' title="bbox 283 2503 1423 2586; baseline 0.001 -19"><span class='ocrx_word' id='word_1_146' title='bbox 283 2503 488 2586; x_wconf 90' lang='lat' dir='ltr'>coniungetur</span> <span class='ocrx_word' id='word_1_147' title='bbox 518 2503 577 2583; x_wconf 90' lang='lat' dir='ltr'>illi,</span> <span class='ocrx_word' id='word_1_148' title='bbox 609 2504 690 2568; x_wconf 87' lang='grc'>111111</span> <span class='ocrx_word' id='word_1_149' title='bbox 721 2507 753 2568; x_wconf 88' lang='grc'>11</span> <span class='ocrx_word' id='word_1_150' title='bbox 781 2504 876 2580; x_wconf 86' lang='grc'>11111;</span> <span class='ocrx_word' id='word_1_151' title='bbox 907 2506 1002 2569; x_wconf 94' lang='lat' dir='ltr'>etiam</span> <span class='ocrx_word' id='word_1_152' title='bbox 1025 2506 1225 2570; x_wconf 88' lang='lat' dir='ltr'>damnatione</span> <span class='ocrx_word' id='word_1_153' title='bbox 1248 2504 1423 2570; x_wconf 87' lang='lat' dir='ltr'>cohaerebit</span> 
     </span>
     <span class='ocr_line' id='line_1_21' title="bbox 230 2607 1421 2692; baseline -0.003 -17"><span class='ocrx_word' id='word_1_154' title='bbox 230 2635 257 2675; x_wconf 75' lang='lat' dir='ltr'>eo</span> <span class='ocrx_word' id='word_1_155' title='bbox 282 2608 338 2687; x_wconf 91' lang='lat' dir='ltr'>illi,</span> <span class='ocrx_word' id='word_1_156' title='bbox 370 2608 451 2671; x_wconf 90' lang='lat' dir='ltr'>sicut</span> <span class='ocrx_word' id='word_1_157' title='bbox 473 2610 504 2671; x_wconf 92' lang='lat' dir='ltr'>et</span> <span class='ocrx_word' id='word_1_158' title='bbox 527 2607 737 2690; x_wconf 86' lang='lat' dir='ltr'>dispositione.</span> <span class='ocrx_word' id='word_1_159' title='bbox 784 2627 820 2673; x_wconf 94' lang='lat' dir='ltr'>eo</span> <span class='ocrx_word' id='word_1_160' title='bbox 844 2609 980 2692; x_wconf 89' lang='lat' dir='ltr'>amplius</span> <span class='ocrx_word' id='word_1_161' title='bbox 1003 2610 1209 2691; x_wconf 89' lang='lat' dir='ltr'>praemittens</span> <span class='ocrx_word' id='word_1_162' title='bbox 1237 2628 1421 2674; x_wconf 84' lang='grc'>11111111-</span> 
     </span>
     <span class='ocr_line' id='line_1_22' title="bbox 282 2711 1422 2797; baseline 0.002 -22"><span class='ocrx_word' id='word_1_163' title='bbox 282 2711 472 2792; x_wconf 89' lang='lat' dir='ltr'>chaberis,</span> <span class='ocrx_word' id='word_1_164' title='bbox 510 2711 653 2795; x_wconf 91' lang='lat' dir='ltr'>adiungit</span> <span class='ocrx_word' id='word_1_165' title='bbox 685 2730 755 2776; x_wconf 93' lang='lat' dir='ltr'>non</span> <span class='ocrx_word' id='word_1_166' title='bbox 785 2713 944 2778; x_wconf 89' lang='lat' dir='ltr'>occides.</span> <span class='ocrx_word' id='word_1_167' title='bbox 998 2714 1164 2779; x_wconf 83' lang='lat' dir='ltr'>honorarit</span> <span class='ocrx_word' id='word_1_168' title='bbox 1198 2716 1305 2797; x_wconf 88' lang='lat' dir='ltr'>itaque</span> <span class='ocrx_word' id='word_1_169' title='bbox 1340 2732 1422 2777; x_wconf 91' lang='lat' dir='ltr'>mce-</span> 
     </span>
     <span class='ocr_line' id='line_1_23' title="bbox 282 2815 1421 2901; baseline 0.002 -22"><span class='ocrx_word' id='word_1_170' title='bbox 282 2815 399 2895; x_wconf 89' lang='lat' dir='ltr'>chiam,</span> <span class='ocrx_word' id='word_1_171' title='bbox 430 2834 526 2897; x_wconf 90' lang='lat' dir='ltr'>quem</span> <span class='ocrx_word' id='word_1_172' title='bbox 554 2816 721 2880; x_wconf 89' lang='lat' dir='ltr'>homicidio</span> <span class='ocrx_word' id='word_1_173' title='bbox 761 2818 937 2900; x_wconf 89' lang='lat' dir='ltr'>anteponit,</span> <span class='ocrx_word' id='word_1_174' title='bbox 979 2818 1012 2881; x_wconf 91' lang='lat' dir='ltr'>in</span> <span class='ocrx_word' id='word_1_175' title='bbox 1045 2820 1148 2900; x_wconf 90' lang='lat' dir='ltr'>prima</span> <span class='ocrx_word' id='word_1_176' title='bbox 1181 2820 1289 2901; x_wconf 91' lang='lat' dir='ltr'>utique</span> <span class='ocrx_word' id='word_1_177' title='bbox 1323 2819 1421 2882; x_wconf 91' lang='lat' dir='ltr'>fronte</span> 
     </span>
     <span class='ocr_line' id='line_1_24' title="bbox 282 2920 1420 3006; baseline 0.002 -23"><span class='ocrx_word' id='word_1_178' title='bbox 282 2920 499 2984; x_wconf 88' lang='lat' dir='ltr'>sanctissimae</span> <span class='ocrx_word' id='word_1_179' title='bbox 514 2921 604 3003; x_wconf 89' lang='lat' dir='ltr'>legis,</span> <span class='ocrx_word' id='word_1_180' title='bbox 627 2920 784 3003; x_wconf 90' lang='lat' dir='ltr'>inprimis</span> <span class='ocrx_word' id='word_1_181' title='bbox 800 2922 901 2986; x_wconf 90' lang='lat' dir='ltr'>titulis</span> <span class='ocrx_word' id='word_1_182' title='bbox 917 2922 1062 3001; x_wconf 88' lang='lat' dir='ltr'>caelestis</span> <span class='ocrx_word' id='word_1_183' title='bbox 1079 2924 1180 3003; x_wconf 88' lang='lat' dir='ltr'>edicti,</span> <span class='ocrx_word' id='word_1_184' title='bbox 1203 2923 1420 3006; x_wconf 86' lang='lat' dir='ltr'>principalium</span> 
     </span>
     <span class='ocr_line' id='line_1_25' title="bbox 282 3024 1420 3111; baseline 0.002 -24"><span class='ocrx_word' id='word_1_185' title='bbox 282 3024 388 3105; x_wconf 90' lang='lat' dir='ltr'>utique</span> <span class='ocrx_word' id='word_1_186' title='bbox 412 3024 595 3088; x_wconf 89' lang='lat' dir='ltr'>delictorum</span> <span class='ocrx_word' id='word_1_187' title='bbox 617 3026 844 3107; x_wconf 86' lang='lat' dir='ltr'>proscriptione</span> <span class='ocrx_word' id='word_1_188' title='bbox 867 3026 1035 3109; x_wconf 83' lang='lat' dir='ltr'>signatam.</span> <span class='ocrx_word' id='word_1_189' title='bbox 1075 3028 1113 3091; x_wconf 90' lang='lat' dir='ltr'>da</span> <span class='ocrx_word' id='word_1_190' title='bbox 1132 3028 1199 3111; x_wconf 89' lang='lat' dir='ltr'>loco</span> <span class='ocrx_word' id='word_1_191' title='bbox 1222 3026 1362 3107; x_wconf 89' lang='lat' dir='ltr'>modum,</span> <span class='ocrx_word' id='word_1_192' title='bbox 1384 3027 1420 3089; x_wconf 93' lang='lat' dir='ltr'>de</span> 
     </span>
     <span class='ocr_line' id='line_1_26' title="bbox 229 3120 1420 3215; baseline 0 -20"><span class='ocrx_word' id='word_1_193' title='bbox 229 3155 255 3195; x_wconf 79' lang='lat' dir='ltr'>aa</span> <span class='ocrx_word' id='word_1_194' title='bbox 282 3128 389 3192; x_wconf 91' lang='lat' dir='ltr'>ordine</span> <span class='ocrx_word' id='word_1_195' title='bbox 413 3131 541 3208; x_wconf 88' lang='lat' dir='ltr'>statum,</span> <span class='ocrx_word' id='word_1_196' title='bbox 565 3129 602 3192; x_wconf 91' lang='lat' dir='ltr'>de</span> <span class='ocrx_word' id='word_1_197' title='bbox 625 3128 758 3193; x_wconf 89' lang='lat' dir='ltr'>confinio</span> <span class='ocrx_word' id='word_1_198' title='bbox 781 3131 930 3193; x_wconf 88' lang='lat' dir='ltr'>meritum</span> <span class='ocrx_word' id='word_1_199' title='bbox 953 3120 1101 3212; x_wconf 88' lang='lat' dir='ltr'>cuiusque</span> <span class='ocrx_word' id='word_1_200' title='bbox 1121 3128 1295 3215; x_wconf 84' lang='lat' dir='ltr'>dignoscas.</span> <span class='ocrx_word' id='word_1_201' title='bbox 1331 3134 1377 3195; x_wconf 91' lang='lat' dir='ltr'>est</span> <span class='ocrx_word' id='word_1_202' title='bbox 1391 3134 1420 3195; x_wconf 92' lang='grc'>11</span> 
     </span>
     <span class='ocr_line' id='line_1_27' title="bbox 282 3222 1419 3318; baseline 0.004 -24"><span class='ocrx_word' id='word_1_203' title='bbox 282 3233 357 3295; x_wconf 93' lang='lat' dir='ltr'>mali</span> <span class='ocrx_word' id='word_1_204' title='bbox 379 3222 528 3315; x_wconf 84' lang='lat' dir='ltr'>dignitas,</span> <span class='ocrx_word' id='word_1_205' title='bbox 559 3233 642 3314; x_wconf 91' lang='lat' dir='ltr'>quod</span> <span class='ocrx_word' id='word_1_206' title='bbox 667 3233 700 3297; x_wconf 94' lang='grc'>11</span> <span class='ocrx_word' id='word_1_207' title='bbox 723 3252 847 3298; x_wconf 89' lang='lat' dir='ltr'>summo</span> <span class='ocrx_word' id='word_1_208' title='bbox 872 3238 926 3297; x_wconf 90' lang='lat' dir='ltr'>aul</span> <span class='ocrx_word' id='word_1_209' title='bbox 948 3235 982 3299; x_wconf 92' lang='lat' dir='ltr'>in</span> <span class='ocrx_word' id='word_1_210' title='bbox 1004 3236 1106 3299; x_wconf 92' lang='lat' dir='ltr'>medio</span> <span class='ocrx_word' id='word_1_211' title='bbox 1129 3236 1339 3318; x_wconf 89' lang='lat' dir='ltr'>pessimorum</span> <span class='ocrx_word' id='word_1_212' title='bbox 1361 3236 1419 3299; x_wconf 91' lang='lat' dir='ltr'>col-</span> 
     </span>
     <span class='ocr_line' id='line_1_28' title="bbox 280 3337 1418 3423; baseline 0.002 -22"><span class='ocrx_word' id='word_1_213' title='bbox 280 3337 409 3401; x_wconf 89' lang='lat' dir='ltr'>locatur.</span> <span class='ocrx_word' id='word_1_214' title='bbox 443 3356 592 3420; x_wconf 90' lang='lat' dir='ltr'>pompam</span> <span class='ocrx_word' id='word_1_215' title='bbox 615 3339 772 3419; x_wconf 89' lang='lat' dir='ltr'>quandam</span> <span class='ocrx_word' id='word_1_216' title='bbox 796 3342 890 3422; x_wconf 90' lang='lat' dir='ltr'>atque</span> <span class='ocrx_word' id='word_1_217' title='bbox 913 3342 1098 3423; x_wconf 87' lang='lat' dir='ltr'>suggestum</span> <span class='ocrx_word' id='word_1_218' title='bbox 1119 3340 1235 3422; x_wconf 89' lang='lat' dir='ltr'>aspicio</span> <span class='ocrx_word' id='word_1_219' title='bbox 1251 3340 1418 3419; x_wconf 83' lang='lat' dir='ltr'>moechiae,</span> 
     </span>
     <span class='ocr_line' id='line_1_29' title="bbox 281 3440 1496 3524; baseline 0.002 -19"><span class='ocrx_word' id='word_1_220' title='bbox 281 3440 354 3505; x_wconf 91' lang='lat' dir='ltr'>hinc</span> <span class='ocrx_word' id='word_1_221' title='bbox 377 3441 524 3505; x_wconf 92' lang='lat' dir='ltr'>ducatum</span> <span class='ocrx_word' id='word_1_222' title='bbox 547 3442 740 3507; x_wconf 89' lang='lat' dir='ltr'>idololatriae</span> <span class='ocrx_word' id='word_1_223' title='bbox 764 3443 992 3524; x_wconf 87' lang='lat' dir='ltr'>antecedentis,</span> <span class='ocrx_word' id='word_1_224' title='bbox 1020 3444 1092 3507; x_wconf 89' lang='lat' dir='ltr'>hinc</span> <span class='ocrx_word' id='word_1_225' title='bbox 1115 3444 1300 3509; x_wconf 91' lang='lat' dir='ltr'>comitatum</span> <span class='ocrx_word' id='word_1_226' title='bbox 1322 3444 1418 3508; x_wconf 91' lang='lat' dir='ltr'>homi·</span> <span class='ocrx_word' id='word_1_227' title='bbox 1495 3450 1496 3453; x_wconf 76' lang='grc'>’</span> 
     </span>
     <span class='ocr_line' id='line_1_30' title="bbox 281 3545 1417 3629; baseline 0.001 -21"><span class='ocrx_word' id='word_1_228' title='bbox 281 3545 352 3609; x_wconf 89' lang='lat' dir='ltr'>cidii</span> <span class='ocrx_word' id='word_1_229' title='bbox 373 3546 576 3627; x_wconf 88' lang='lat' dir='ltr'>insequentis.</span> <span class='ocrx_word' id='word_1_230' title='bbox 621 3546 702 3610; x_wconf 91' lang='lat' dir='ltr'>inter</span> <span class='ocrx_word' id='word_1_231' title='bbox 725 3547 802 3612; x_wconf 88' lang='lat' dir='ltr'>duos</span> <span class='ocrx_word' id='word_1_232' title='bbox 827 3548 929 3629; x_wconf 90' lang='lat' dir='ltr'>apices</span> <span class='ocrx_word' id='word_1_233' title='bbox 952 3548 1125 3612; x_wconf 86' lang='lat' dir='ltr'>facinorum</span> <span class='ocrx_word' id='word_1_234' title='bbox 1156 3548 1417 3613; x_wconf 87' lang='lat' dir='ltr'>eminentissimos</span> 
     </span>
     <span class='ocr_line' id='line_1_31' title="bbox 228 3649 1417 3735; baseline 0.002 -22"><span class='ocrx_word' id='word_1_235' title='bbox 228 3675 255 3713; x_wconf 83' lang='lat' dir='ltr'>ao</span> <span class='ocrx_word' id='word_1_236' title='bbox 281 3650 348 3714; x_wconf 88' lang='lat' dir='ltr'>sine</span> <span class='ocrx_word' id='word_1_237' title='bbox 371 3649 465 3714; x_wconf 92' lang='lat' dir='ltr'>dubio</span> <span class='ocrx_word' id='word_1_238' title='bbox 489 3650 583 3733; x_wconf 86' lang='lat' dir='ltr'>digna</span> <span class='ocrx_word' id='word_1_239' title='bbox 605 3650 756 3732; x_wconf 87' lang='lat' dir='ltr'>consedit,</span> <span class='ocrx_word' id='word_1_240' title='bbox 780 3654 812 3715; x_wconf 94' lang='lat' dir='ltr'>et</span> <span class='ocrx_word' id='word_1_241' title='bbox 833 3670 889 3734; x_wconf 91' lang='lat' dir='ltr'>per</span> <span class='ocrx_word' id='word_1_242' title='bbox 912 3652 1051 3717; x_wconf 92' lang='lat' dir='ltr'>medium</span> <span class='ocrx_word' id='word_1_243' title='bbox 1075 3670 1182 3717; x_wconf 89' lang='lat' dir='ltr'>eornm</span> <span class='ocrx_word' id='word_1_244' title='bbox 1203 3653 1293 3735; x_wconf 90' lang='lat' dir='ltr'>quasi</span> <span class='ocrx_word' id='word_1_245' title='bbox 1308 3670 1417 3716; x_wconf 90' lang='lat' dir='ltr'>uacan-</span> 
     </span>
     <span class='ocr_line' id='line_1_32' title="bbox 280 3754 1417 3839; baseline 0.002 -22"><span class='ocrx_word' id='word_1_246' title='bbox 280 3756 346 3817; x_wconf 92' lang='lat' dir='ltr'>tem</span> <span class='ocrx_word' id='word_1_247' title='bbox 374 3754 479 3817; x_wconf 88' lang='lat' dir='ltr'>locum</span> <span class='ocrx_word' id='word_1_248' title='bbox 501 3755 569 3837; x_wconf 90' lang='lat' dir='ltr'>pari</span> <span class='ocrx_word' id='word_1_249' title='bbox 591 3755 731 3819; x_wconf 89' lang='lat' dir='ltr'>criminis</span> <span class='ocrx_word' id='word_1_250' title='bbox 755 3756 938 3820; x_wconf 87' lang='lat' dir='ltr'>auctoritate</span> <span class='ocrx_word' id='word_1_251' title='bbox 961 3756 1140 3839; x_wconf 92' lang='lat' dir='ltr'>compleuit.</span> <span class='ocrx_word' id='word_1_252' title='bbox 1187 3756 1257 3839; x_wconf 90' lang='lat' dir='ltr'>quis</span> <span class='ocrx_word' id='word_1_253' title='bbox 1281 3774 1350 3821; x_wconf 91' lang='lat' dir='ltr'>eam</span> <span class='ocrx_word' id='word_1_254' title='bbox 1372 3760 1417 3819; x_wconf 88' lang='lat' dir='ltr'>ta·</span> 
     </span>
     <span class='ocr_line' id='line_1_33' title="bbox 280 3857 1417 3941; baseline 0.003 -20"><span class='ocrx_word' id='word_1_255' title='bbox 280 3857 363 3922; x_wconf 88' lang='lat' dir='ltr'>libus</span> <span class='ocrx_word' id='word_1_256' title='bbox 385 3858 536 3923; x_wconf 89' lang='lat' dir='ltr'>lateribus</span> <span class='ocrx_word' id='word_1_257' title='bbox 558 3859 728 3941; x_wconf 87' lang='lat' dir='ltr'>inclusam,</span> <span class='ocrx_word' id='word_1_258' title='bbox 758 3860 875 3925; x_wconf 88' lang='lat' dir='ltr'>talibus</span> <span class='ocrx_word' id='word_1_259' title='bbox 898 3861 991 3925; x_wconf 88' lang='lat' dir='ltr'>costis</span> <span class='ocrx_word' id='word_1_260' title='bbox 1015 3861 1246 3925; x_wconf 85' lang='lat' dir='ltr'>circumfultam</span> <span class='ocrx_word' id='word_1_261' title='bbox 1270 3880 1288 3927; x_wconf 90' lang='lat' dir='ltr'>e</span> <span class='ocrx_word' id='word_1_262' title='bbox 1310 3862 1417 3927; x_wconf 89' lang='lat' dir='ltr'>cohae-</span> 
     </span>
    </p>
   </div>
   <div class='ocr_carea' id='block_1_3' title="bbox 384 4003 606 4086">
    <p class='ocr_par' dir='ltr' id='par_1_3' title="bbox 384 4003 606 4086">
     <span class='ocr_line' id='line_1_34' title="bbox 384 4003 606 4086; baseline 0 -28"><span class='ocrx_word' id='word_1_263' title='bbox 384 4003 606 4086; x_wconf 72' lang='lat' dir='ltr'>mmmm</span> 
     </span>
    </p>
   </div>
   <div class='ocr_carea' id='block_1_4' title="bbox 178 4134 1416 4465">
    <p class='ocr_par' dir='ltr' id='par_1_4' title="bbox 178 4134 1416 4465">
     <span class='ocr_line' id='line_1_35' title="bbox 324 4134 1414 4204; baseline 0 -15"><span class='ocrx_word' id='word_1_264' title='bbox 324 4135 357 4189; x_wconf 88' lang='lat' dir='ltr'>lo</span> <span class='ocrx_word' id='word_1_265' title='bbox 375 4134 579 4203; x_wconf 80' lang='lat' dir='ltr'>muniendisque</span> <span class='ocrx_word' id='word_1_266' title='bbox 591 4135 662 4190; x_wconf 82' lang='lat' dir='ltr'>Lat:</span> <span class='ocrx_word' id='word_1_267' title='bbox 679 4135 870 4204; x_wconf 88' lang='lat' dir='ltr'>monendisque</span> <span class='ocrx_word' id='word_1_268' title='bbox 888 4138 916 4192; x_wconf 99' lang='grc' dir='ltr'>Β</span> <span class='ocrx_word' id='word_1_269' title='bbox 971 4140 1003 4193; x_wconf 93' lang='grc'>12</span> <span class='ocrx_word' id='word_1_270' title='bbox 1021 4137 1091 4191; x_wconf 89' lang='lat' dir='ltr'>hanc</span> <span class='ocrx_word' id='word_1_271' title='bbox 1111 4138 1174 4193; x_wconf 75' lang='lat' dir='ltr'>cer.-</span> <span class='ocrx_word' id='word_1_272' title='bbox 1190 4138 1264 4191; x_wconf 91' lang='lat' dir='ltr'>hunc</span> <span class='ocrx_word' id='word_1_273' title='bbox 1281 4139 1309 4193; x_wconf 94' lang='grc' dir='ltr'>Β</span> <span class='ocrx_word' id='word_1_274' title='bbox 1361 4154 1414 4191; x_wconf 91' lang='lat' dir='ltr'>mu·</span> 
     </span>
     <span class='ocr_line' id='line_1_36' title="bbox 279 4220 1416 4293; baseline 0.003 -20"><span class='ocrx_word' id='word_1_275' title='bbox 279 4220 349 4274; x_wconf 87' lang='grc'>111111</span> <span class='ocrx_word' id='word_1_276' title='bbox 368 4220 431 4276; x_wconf 73' lang='lat' dir='ltr'>Gal:</span> <span class='ocrx_word' id='word_1_277' title='bbox 448 4222 547 4275; x_wconf 90' lang='lat' dir='ltr'>minuit</span> <span class='ocrx_word' id='word_1_278' title='bbox 564 4222 591 4275; x_wconf 95' lang='grc' dir='ltr'>Β</span> <span class='ocrx_word' id='word_1_279' title='bbox 646 4224 678 4277; x_wconf 92' lang='lat'>18</span> <span class='ocrx_word' id='word_1_280' title='bbox 696 4224 767 4275; x_wconf 85' lang='lat' dir='ltr'>sorte</span> <span class='ocrx_word' id='word_1_281' title='bbox 787 4224 851 4278; x_wconf 75' lang='lat' dir='ltr'>Get:</span> <span class='ocrx_word' id='word_1_282' title='bbox 868 4220 937 4277; x_wconf 87' lang='lat' dir='ltr'>iortc</span> <span class='ocrx_word' id='word_1_283' title='bbox 953 4224 981 4277; x_wconf 92' lang='lat' dir='ltr'><em>B</em></span> <span class='ocrx_word' id='word_1_284' title='bbox 1033 4224 1416 4293; x_wconf 67' lang='grc' dir='ltr'>21111111111111111111111.Ι</span> 
     </span>
     <span class='ocr_line' id='line_1_37' title="bbox 278 4308 1414 4380; baseline 0.003 -20"><span class='ocrx_word' id='word_1_285' title='bbox 278 4308 401 4361; x_wconf 90' lang='lat' dir='ltr'>onerauit</span> <span class='ocrx_word' id='word_1_286' title='bbox 418 4308 508 4375; x_wconf 90' lang='lat' dir='ltr'>utique</span> <span class='ocrx_word' id='word_1_287' title='bbox 526 4309 562 4375; x_wconf 89' lang='lat' dir='ltr'>B,</span> <span class='ocrx_word' id='word_1_288' title='bbox 580 4309 702 4362; x_wconf 90' lang='lat' dir='ltr'>onerauit</span> <span class='ocrx_word' id='word_1_289' title='bbox 719 4309 808 4377; x_wconf 89' lang='lat' dir='ltr'>itaque</span> <span class='ocrx_word' id='word_1_290' title='bbox 829 4310 880 4365; x_wconf 77' lang='lat' dir='ltr'>Gal</span> <span class='ocrx_word' id='word_1_291' title='bbox 948 4313 982 4365; x_wconf 87' lang='grc'>22</span> <span class='ocrx_word' id='word_1_292' title='bbox 1001 4312 1092 4378; x_wconf 89' lang='lat' dir='ltr'>utique</span> <span class='ocrx_word' id='word_1_293' title='bbox 1111 4313 1179 4366; x_wconf 80' lang='lat' dir='ltr'>Iuro:</span> <span class='ocrx_word' id='word_1_294' title='bbox 1200 4312 1290 4380; x_wconf 88' lang='lat' dir='ltr'>itaque</span> <span class='ocrx_word' id='word_1_295' title='bbox 1308 4313 1344 4379; x_wconf 93' lang='grc' dir='ltr'>Β,</span> <span class='ocrx_word' id='word_1_296' title='bbox 1361 4310 1414 4364; x_wconf 91' lang='lat' dir='ltr'>ubi·</span> 
     </span>
     <span class='ocr_line' id='line_1_38' title="bbox 178 4394 655 4465; baseline 0.015 -20"><span class='ocrx_word' id='word_1_297' title='bbox 178 4425 182 4465; x_wconf 76' lang='lat'><em>2</em></span> <span class='ocrx_word' id='word_1_298' title='bbox 279 4394 373 4460; x_wconf 79' lang='lat' dir='ltr'>queO</span> <span class='ocrx_word' id='word_1_299' title='bbox 424 4397 459 4449; x_wconf 82' lang='lat'>24</span> <span class='ocrx_word' id='word_1_300' title='bbox 477 4396 582 4462; x_wconf 86' lang='lat' dir='ltr'>signata</span> <span class='ocrx_word' id='word_1_301' title='bbox 604 4396 655 4451; x_wconf 79' lang='lat' dir='ltr'>Urs</span> 
     </span>
    </p>
   </div>
   <div class='ocr_carea' id='block_1_5' title="bbox 0 0 1604 5031">
    <p class='ocr_par' dir='ltr' id='par_1_5' title="bbox 0 0 1604 5031">
     <span class='ocr_line' id='line_1_39' title="bbox 0 0 1604 5031; baseline 0 0"><span class='ocrx_word' id='word_1_302' title='bbox 0 0 1604 5031; x_wconf 95' lang='lat' dir='ltr'> </span> 
     </span>
    </p>
   </div>
  </div>
 </body>
</html>
