3200 5034
817 1125 861 1208 ll.

615 1334 682 1398 nn
708 1333 1062 1400 monetarum.

314 1556 342 1621 1.
363 1531 544 1640 Principale
560 1557 677 1620 crimen
693 1557 816 1642 generis
836 1557 976 1637 humani,
997 1575 1140 1621 summus
1161 1557 1277 1622 saeculi
1291 1560 1503 1638 reatus‚f.105v

187 1661 191 1672 '
268 1664 334 1726 tota
361 1679 456 1724 causa
485 1660 590 1725 iudicii
618 1661 803 1726 idololatria.
849 1679 923 1725 nam
951 1661 1010 1725 etsi
1038 1679 1128 1726 suam
1158 1660 1295 1743 speciem
1321 1664 1408 1725 tenet

227 1777 240 1816 ⁵
268 1766 511 1848 unumquodque
533 1766 692 1846 delictum,
716 1767 776 1830 etsi
799 1783 856 1829 suo
871 1767 1015 1848 quodque
1037 1765 1163 1830 nomine
1186 1765 1297 1830 iudicio
1313 1765 1408 1829 desti-

268 1874 369 1950 natur,
393 1870 426 1934 in
441 1870 633 1934 idololatriae
656 1874 762 1934 tamen
786 1871 916 1934 crimine
932 1871 1125 1953 expungitur.
1157 1871 1266 1934 omitte
1287 1870 1406 1949 titulos,

268 1992 362 2058 opera
376 1991 571 2057 recognosce.
603 1974 781 2038 idololatres
805 1974 889 2037 idem
912 1974 1069 2038 homicida
1084 1977 1141 2038 est.
1173 1974 1297 2055 quaeris
1314 1991 1406 2055 quem

268 2079 435 2143 occiderit?
473 2079 499 2142 si
522 2079 595 2160 quid
624 2078 662 2143 ad
686 2079 778 2161 elogii
802 2079 1006 2143 ambitionem
1027 2078 1112 2160 facit,
1139 2095 1202 2142 non
1225 2081 1407 2142 extraneum

268 2202 324 2247 nec
346 2183 518 2262 inimicum,
542 2183 597 2246 sed
619 2183 724 2265 ipsum
748 2201 790 2246 se.
822 2181 936 2264 quibus
956 2183 1099 2247 insidiis?
1130 2183 1240 2247 erroris
1257 2183 1314 2246 sui.
1345 2200 1405 2263 quo

216 2303 242 2341 1⁰
269 2288 352 2351 telo?
380 2286 500 2350 offensa
515 2287 573 2350 dei.
602 2290 677 2369 quot
691 2285 815 2369 plagis?
842 2290 993 2368 quotquot
1007 2287 1209 2372 idololatriis.
1243 2287 1298 2367 qui
1312 2289 1407 2368 negat

267 2392 451 2456 idololatren
475 2393 602 2475 perisse,
631 2391 657 2454 is
681 2389 811 2475 negabit
836 2391 1033 2477 idololatren¹
1054 2391 1258 2455 homicidium
1285 2390 1404 2454 fecisse.

266 2496 393 2578 perinde
421 2497 608 2560 adulterium
642 2499 673 2560 et
701 2498 856 2581 stuprum¹
882 2496 915 2559 in
943 2496 1052 2559 eodem
1082 2513 1301 2580 recognoscam
1333 2512 1406 2558 nam

268 2601 320 2682 qui
346 2601 434 2664 falsis
462 2600 527 2665 deis
556 2601 667 2681 seruit,
700 2601 771 2685 sine
800 2600 897 2686 dubp‘o
925 2600 1046 2679 adulter
1073 2604 1122 2664 est
1147 2600 1305 2680 ueritatis
1336 2600 1406 2681 quia

268 2723 359 2769 omne
389 2705 506 2769 falsum
536 2704 723 2768 adulterium
755 2707 812 2768 est.
859 2706 902 2768 sic
932 2708 964 2769 et
994 2709 1101 2788 stupro
1132 2705 1293 2788 mergitur.
1336 2704 1405 2786 quis

215 2823 240 2862 1⁵
267 2807 351 2872 enim
372 2808 551 2894 limmundis
575 2807 736 2890 spiritibus
759 2813 940 2892 cooperator
959 2827 1022 2873 non
1042 2813 1265 2892 conspurcatus
1289 2811 1320 2872 et
1335 2826 1406 2872 con-

236 2996 237 2999 *
267 2914 435 2997 stupratus
458 2913 595 2976 incedit?
630 2916 724 2994 atque
747 2913 824 2977 adeo
847 2913 1019 2996 scripturae
1042 2916 1169 2977 sanctae
1192 2912 1292 2995 stupri
1314 2929 1407 2976 uoca-

265 3015 358 3100 Lbuloj
385 3020 516 3080 utuntur
545 3017 578 3079 in
608 3017 800 3080 idololatriae
833 3015 1077 3100 exprobratione.
1122 3016 1240 3080 fraudis
1264 3015 1406 3100 condicio

266 3137 303 3183 ea
318 3124 375 3202 est,
399 3121 517 3203 opinor,
541 3121 652 3202 siquis
673 3121 811 3185 alienum
827 3122 927 3204 rapiat
947 3125 1001 3186 aut
1021 3121 1072 3185 alii
1092 3120 1233 3185 debitum
1254 3121 1406 3204 deneget„

266 3227 297 3287 et
312 3225 418 3306 utique
443 3243 517 3308 erga
539 3225 698 3289 hominem
715 3225 852 3290 admissa
871 3226 957 3289 fraus
980 3226 1113 3309 maximi
1129 3225 1270 3310 criminis
1294 3242 1407 3288 nomen

213 3345 239 3384 20
267 3331 324 3391 est.
364 3332 396 3392 at
425 3329 509 3391 enim
536 3328 711 3393 idololatria
737 3329 881 3393 fraudem
908 3330 964 3393 deo
990 3329 1077 3414 ,iacit
1101 3329 1234 3392 honores
1262 3328 1309 3391 illi
1335 3345 1406 3391 suos

266 3431 423 3514 denegans
462 3436 494 3496 et
528 3433 689 3496 conferens
724 3433 809 3514 aliis,
844 3436 880 3497 ut
912 3433 1018 3517 fraudi
1051 3433 1153 3518 ctiam¹
1184 3432 1407 3497 contumeliam

266 3536 442 3619 coniungat.
485 3536 596 3618 quodsi
630 3539 697 3600 tam
734 3537 820 3601 fraus
856 3555 951 3618 qnam
976 3535 980 3620 Ι
1005 3540 1150 3620 stuprum
1188 3540 1282 3618 atque
1321 3535 1407 3599 adul-
1423 3535 1490 3590 llos

265 3639 379 3702 terium
418 3642 553 3704 mortem
588 3640 736 3721 afferunt,
774 3642 838 3705 iam
871 3641 904 3705 iu
935 3641 984 3704 his
1019 3660 1130 3727 1aequel
1161 3640 1337 3704 idololatria
1369 3640 1406 3702 de

265 3743 423 3807 homicidii
445 3747 533 3808 reatu
549 3763 612 3809 non
626 3744 788 3809 liberatur.
825 3748 897 3827 post
919 3746 995 3808 talia
1016 3745 1155 3824 crimina,
1179 3748 1245 3808 tam
1268 3745 1405 3823 exitiosa,

309 3953 325 4005 5
349 3950 472 4019 quodque
491 3953 554 4018 Iam,
574 3952 652 4007 Soet:
669 3966 773 4020 quoque
791 3953 847 4006 AB
901 3954 1015 4020 lopera
1032 3952 1104 4011 Lat.-
1122 3967 1214 4020 operas
1232 3952 1287 4006 AB
1341 3951 1403 4004 item

269 4038 394 4093 oetmue
447 4038 603 4092 Soecident
620 4039 647 4092 B
699 4040 761 4093 9se
780 4038 869 4106 ipsum
886 4039 913 4092 B
962 4024 1032 4106 quod
1050 4038 1104 4092 telo
1122 4040 1148 4093 A
1204 4042 1234 4094 11
1255 4038 1365 4106 negauit
1378 4039 1404 4092 A

266 4126 298 4179 12
316 4125 425 4193 perinde
440 4125 504 4179 oet.-
520 4124 631 4194 proinde
649 4126 705 4179 AB
768 4127 801 4180 13
813 4142 850 4194 aq.
870 4124 992 4178 ueritatis
1003 4128 1087 4179 -est
1105 4127 1194 4181 om.A
1253 4127 1285 4181 14
1303 4126 1332 4178 in
1350 4127 1404 4178 stu-

264 4227 312 4280 pro
335 4213 363 4266 B
417 4215 449 4267 15
472 4214 626 4280 cooperator
643 4212 751 4282 ABmp,
776 4214 900 4281 operatus
918 4214 946 4266 B
1011 4215 1203 4281 conspergatus
1221 4214 1249 4266 A
1310 4214 1342 4268 18
1364 4213 1405 4264 est

169 4325 171 4331 ⁴
265 4300 356 4354 ooaA
420 4300 451 4353 19
471 4315 534 4366 arga
551 4299 578 4352 A
640 4300 673 4353 20
692 4299 721 4352 at
739 4298 810 4351 enim
829 4297 862 4350 ad
882 4298 909 4351 A
969 4297 1018 4352 deo
1036 4301 1128 4354 omA
1189 4301 1223 4354 23
1242 4299 1335 4367 aeque]
1353 4305 1405 4353 tres

266 4387 370 4442 litterae
387 4386 500 4452 fuerunt
517 4385 544 4438 A
596 4387 630 4439 24
648 4385 776 4438 homicidi
794 4387 822 4439 A
