3200 5034
607 441 640 495 X.
659 442 703 494 De
722 441 888 496 1111111118.
1254 439 1316 502 329

174 617 278 697 homo,
302 619 407 681 anima
430 618 582 681 dement't
604 635 667 680 non
690 615 919 699 peregrinante,
944 617 999 680 sed
1021 617 1219 698 conpatiente
1242 618 1318 679 tune

174 722 289 785 animo.
328 726 466 786 ceterum
490 723 613 786 animae
636 721 850 804 principaliter
873 739 963 784 casus
988 724 1044 784 est.
1087 721 1145 784 hoc
1169 720 1317 783 11111111-

174 830 289 906 matur,
313 828 395 908 quod
418 829 523 890 anima
546 828 686 910 digressa
708 844 766 888 neo
789 826 911 889 animus
935 826 966 888 in
982 826 1108 889 bomine
1124 825 1316 899 inueniatur3

172 932 218 994 ita
238 930 325 994 illam
348 931 463 1013 ubique
487 931 637 1013 sequitur,
662 947 757 1011 aqua
779 948 837 993 nec
860 930 892 992 in
916 930 977 993 fine
1001 930 1211 993 subremanet.
1244 948 1315 992 cum

173 1053 247 1099 uero
279 1035 434 1116 sequitur,
466 1038 496 1098 et
527 1035 696 1114 addicitur,
727 1034 855 1116 proinde
882 1034 1060 1097 intellectus
1084 1034 1207 1097 animae
1232 1034 1317 1097 addi·
1356 1061 1368 1100 5

69 1144 159 1200 1131
174 1139 255 1202 citur
287 1158 380 1220 quam
411 1140 552 1221 sequitur
582 1139 722 1218 animoa,
756 1139 807 1201 cui
841 1139 993 1202 addicitur
1013 1138 1017 1217 l
1037 1139 1223 1203 intellectus.
1275 1139 1317 1202 sit

172 1263 257 1308 nuno
288 1248 318 1308 et
347 1246 448 1326 potior
479 1263 572 1307 sensu
595 1244 774 1307 intellectus
798 1247 830 1306 et
853 1243 953 1326 potior
976 1243 1115 1326 cognitor
1138 1261 1316 1307 sacramen-

172 1351 291 1429 torum,
316 1348 484 1414 dummodo
508 1349 629 1430 etipse
652 1348 848 1430 propriauis
873 1348 1009 1428 animae,
1034 1349 1116 1428 quod
1140 1351 1171 1411 et
1194 1366 1314 1410 sensus.

172 1453 249 1516 nihil
273 1472 344 1516 mea
359 1454 498 1533 interest,
522 1444 581 1516 nisi
597 1471 669 1515 oum
685 1452 799 1516 idcirco
815 1452 990 1535 praefertur
1007 1454 1111 1516 sensui
1126 1452 1315 1532 intellectus,

171 1560 207 1621 ut
237 1577 274 1620 111
304 1558 362 1621 hoo
392 1574 514 1638 quoque
545 1557 716 1639 separatior
746 1557 900 1621 habeatur
923 1576 983 1639 quo
1005 1557 1106 1638 potior
1130 1557 1313 1621 affirmatur.
1343 1581 1368 1620 ιο

170 1665 248 1725 tuno
271 1661 348 1725 mihi
370 1666 442 1744 post
466 1647 674 1726 differentiam
694 1662 790 1725 etiam
806 1662 958 1744 praelatio
973 1662 1168 1726 retundenda
1183 1665 1233 1725 est
1247 1681 1316 1744 per·

170 1769 305 1830 uenturo
335 1785 434 1848 usque
465 1767 504 1829 ad
526 1766 654 1849 potioris
679 1766 728 1828 dei
749 1767 994 1848 persuasionem.
1041 1768 1095 1830 sed
1119 1767 1156 1829 de
1179 1767 1236 1830 deo
1260 1785 1315 1830 suo

170 1889 295 1952 quoque
318 1889 428 1952 campo
452 1871 645 1953 experiemur
668 1889 740 1934 curu
763 1871 939 1934 haereticis.
982 1889 1066 1934 nunc
1089 1871 1126 1934 dc
1150 1871 1256 1934 anima
1278 1871 1316 1933 ti-

169 1975 257 2049 tulus
288 1979 320 2039 et
350 1975 387 2038 de
417 1975 580 2039 intellectu
610 1993 673 2038 non
700 1975 849 2038 insidiose
872 1975 1075 2058 praeferendo
1098 1977 1194 2039 locus.
1242 1994 1314 2040 nam

169 2079 231 2141 etsi
265 2079 387 2161 potiora
420 2083 495 2143 sunt
535 2097 614 2160 quae
652 2080 815 2142 intellectu
854 2080 1052 2163 attinguntur
1090 2084 1125 2143 ut
1164 2079 1316 2162 spiritalia
1343 2105 1367 2144 15

168 2201 265 2263 quam
296 2201 375 2265 quae
407 2203 501 2248 sensu
532 2188 568 2247 ut
593 2183 779 2266 corporalia,
811 2202 916 2247 rerum
940 2185 999 2246 erit
1020 2184 1187 2266 praelatio,
1219 2184 1315 2248 subli-

168 2289 305 2350 miorum
333 2288 453 2352 scilicet
475 2289 626 2351 aduersus
650 2288 846 2368 humiliores,
877 2306 940 2351 non
962 2289 1139 2352 intellectus
1164 2289 1313 2352 aduersus

168 2410 308 2454 sensum.
355 2392 508 2472 quomodo
539 2393 621 2455 enim
653 2393 849 2474 praeferatur
876 2393 980 2456 sensui
1002 2393 1191 2473 intellectus,
1213 2412 1231 2456 a
1254 2412 1313 2474 quo

166 2495 354 2559 informatur
389 2497 428 2559 ad
458 2495 667 2578 cognitionem
694 2496 887 2560 ueritatum?
933 2497 960 2560 si
984 2497 1067 2561 enim
1090 2498 1237 2561 ueritates
1260 2516 1315 2578 per

166 2599 324 2682 imagines
355 2599 646 2682 apprehenduntur,
676 2599 708 2662 id
739 2604 788 2664 est
817 2600 987 2664 inuisibilia
1017 2620 1072 2683 per
1103 2601 1236 2665 nisibilia
1258 2618 1314 2664 no·
1340 2627 1366 2664 eo

167 2706 314 2783 seuntur,
345 2704 418 2784 quia
448 2706 480 2766 et
509 2705 668 2786 apostolus
699 2704 788 2767 nobis
820 2704 941 2768 scribit:
976 2704 1186 2769 inuisibilia
1217 2706 1313 2768 enim

168 2808 249 2869 eius
277 2826 295 2871 a
322 2808 537 2871 conditione
568 2809 694 2871 mundi
728 2809 770 2871 de
803 2809 1079 2873 factitamentis
1114 2810 1314 2874 intellecta

165 2913 361 2991 uisuntur,
386 2915 418 2976 et
440 2912 531 2976 Plato
554 2912 733 2977 haereticis:
760 2914 879 2977 facies
903 2914 1134 2978 occultorum
1157 2933 1312 2995 eaquae

166 3019 366 3098 apparent,
397 3020 428 3079 et
458 3035 587 3080 neeesse
620 3022 668 3080 est
699 3018 826 3082 omnino
856 3018 940 3081 huno
967 3019 1120 3082 mundum
1143 3019 1313 3102 imaginem

165 3120 327 3202 quandam
359 3140 428 3185 esse
458 3121 587 3185 alterius
615 3122 760 3202 alieuius,
792 3123 902 3203 ecquid
924 3122 967 3186 ibi
991 3124 1114 3187 uidetur
1135 3124 1312 3189 intellectus
1339 3149 1364 3189 ss

165 3226 245 3288 duce
276 3226 322 3288 uti
354 3244 449 3288 sensu
481 3228 512 3288 11
542 3231 668 3289 auctore
698 3230 729 3290 et
751 3226 914 3308 principali
937 3226 1141 3290 fundamento
1165 3246 1223 3291 nec
1246 3228 1312 3291 sine

163 3331 219 3393 illo
242 3330 390 3393 ueritates
414 3348 506 3411 posse
530 3331 688 3413 contingi?
723 3331 877 3412 quomodo
902 3349 974 3414 ergo
997 3331 1099 3414 potior
1122 3332 1180 3394 crit
1203 3350 1238 3395 eo
1258 3351 1313 3413 per

164 3455 261 3517 quem
292 3440 354 3515 est,
392 3453 451 3516 quo
482 3438 569 3518 eget,
605 3435 656 3498 cui
686 3436 778 3499 debet
809 3438 926 3516 totum,
961 3437 1043 3517 quod
1078 3437 1224 3519 attingit?
1268 3437 1312 3499 ita

164 3545 335 3622 utrumque
359 3540 565 3620 concluditur,
588 3559 690 3620 neque
713 3541 953 3622 praeferendum
978 3541 1083 3603 sensui
1104 3541 1310 3620 intellectum,

270 3711 316 3779 21]
335 3711 412 3765 Rom.
429 3715 451 3775 1,
465 3713 507 3766 20.
561 3712 606 3780 23]
627 3711 661 3765 cf.
680 3711 750 3765 Plat.
770 3711 838 3765 Tim,
858 3729 882 3780 p.
896 3714 930 3767 29
943 3728 981 3780 sq.
1001 3715 1034 3768 37
1048 3728 1086 3779 sq.

209 3867 380 3922 ldementit
398 3867 488 3920 anima
504 3868 532 3922 Β
603 3867 704 3923 2111111
727 3868 792 3923 Urs:
815 3867 885 3920 uude
907 3869 962 3922 AB
1033 3853 1124 3936 oqui
1142 3885 1227 3937 neque
1249 3872 1310 3938 (que

162 3954 318 4019 1111111111)
331 3956 358 4008 Α
412 3955 623 4022 5sequiturom.
638 3956 665 4008 A
712 3955 852 4024 circatam
859 3961 924 4024 post
937 3955 1055 4022 sequitur
1063 3957 1148 4024 posci
1198 3957 1310 4025 proinde

162 4043 277 4110 scripsi:
294 4031 405 4108 perinde
422 4044 478 4096 AB
545 4044 682 4111 postestas
701 4041 817 4096 adicitur
835 4045 862 4097 A
933 4046 948 4097 7
967 4060 1045 4096 sensu
1066 4045 1236 4098 cousensus
1254 4047 1309 4100 AB

162 4132 179 4184 9
192 4145 253 4181 mea
264 4130 330 4195 AB,
343 4128 371 4180 in
384 4145 414 4181 ea
425 4131 498 4199 qu
550 4133 582 4185 10
594 4130 682 4198 patior
694 4132 721 4184 Β
775 4133 806 4185 11
821 4133 981 4199 peruenturo
994 4132 1063 4200 Rip:
1080 4135 1242 4199 peruentura
1253 4135 1309 4188 ΑΒ

164 4218 197 4270 12
216 4230 320 4282 quoque
340 4231 422 4282 usque
441 4217 467 4269 Β
539 4219 572 4271 14
594 4216 626 4269 ds
645 4218 694 4271 del.
715 4217 765 4271 Get
835 4216 1042 4286 praetereundus
1059 4221 1123 4286 fort.
1200 4221 1233 4274 24
1255 4221 1307 4289 est]

112 4289 113 4292 ¹
162 4318 219 4354 esse
240 4302 291 4356 Get
348 4304 381 4356 25
400 4302 494 4370 ecquid
513 4305 624 4372 sculpat:
643 4306 670 4356 et
688 4303 752 4371 quid
771 4305 806 4371 B,
830 4305 935 4371 111111,
958 4307 986 4356 et
1008 4304 1078 4371 quod
1104 4306 1161 4372 aaz,
1185 4306 1307 4372 equidem

166 4390 294 4446 Oebleoas
351 4388 389 4442 ibi
410 4389 550 4446 Oebleraas:
567 4389 619 4443 sibi
637 4391 672 4457 B,
691 4407 741 4446 om.
760 4391 787 4445 A
