3200 5034
281 441 345 506 208
516 442 632 508 Quinti
649 442 789 512 Septimi
808 442 975 497 Florentia
995 442 1197 497 Tertulliani

281 606 435 699 adferens,
451 618 567 682 emissa
577 618 615 681 de
627 619 733 699 caelis,
748 618 803 682 ubi
816 619 947 683 eeclesia
959 623 1007 683 est
1019 637 1091 683 arca
1101 618 1245 702 figurata.
1269 618 1324 683 sed
1335 637 1428 681 muu-

280 722 338 785 dus
347 741 455 786 rursus
464 723 606 805 deliquit;
619 741 679 805 quo
689 724 771 787 male
783 726 983 805 eomparatur
990 724 1166 806 baptismus
1179 723 1304 787 diluuio.
1319 724 1426 805 itaque

280 826 345 909 igni
361 827 544 907 destinatur,
568 827 649 891 sicut
665 828 807 891 ethome
825 828 876 910 qui
888 831 960 910 post
971 827 1164 909 baptismum
1180 828 1293 891 delicta
1307 831 1425 891 restau-

280 934 339 1011 rat,
361 934 396 995 ut
410 931 469 1006 hoe
490 948 612 1013 quoque
626 932 660 995 in
675 932 801 1014 signum
817 931 1034 996 admonitionis
1051 935 1175 996 nostrae
1191 931 1304 996 debeat
1319 932 1424 1012 accipi.

241 1064 254 1102 s
323 1033 353 1097 9.
387 1033 469 1114 Quot
498 1035 593 1118 igitur
618 1036 789 1118 patrocinia
819 1039 965 1116 naturae,
1001 1040 1076 1118 quot
1104 1036 1267 1120 priuilegia
1296 1036 1423 1118 gratiae,

280 1142 356 1221 quot
387 1140 551 1203 sollemnia
582 1140 761 1221 disciplinae
791 1140 910 1223 figurae
939 1141 1204 1222 praestructiones
1232 1141 1423 1222 precationes

280 1244 462 1326 religionem
490 1262 590 1326 aquae
616 1244 861 1309 ordinauerunt?
909 1245 1010 1326 primo
1040 1245 1166 1327 quidem
1192 1263 1265 1308 cum
1291 1245 1422 1327 populus

280 1348 318 1411 de
345 1347 490 1431 Aegypto
517 1348 596 1413 liber
624 1352 655 1413 et
683 1350 844 1431 expeditus
873 1350 938 1412 uim
966 1350 1048 1432 regis
1070 1348 1207 1432 Aegypti
1233 1368 1288 1431 por
1311 1367 1422 1431 aquam

280 1456 497 1536 transgressus
527 1455 645 1534 euadit,
675 1454 779 1537 ipsum
806 1474 914 1537 regem
942 1473 1014 1518 cum
1041 1454 1114 1518 totis
1140 1455 1235 1535 copiis
1263 1472 1343 1535 aqua
1372 1472 1423 1516 er-

229 1587 254 1625 io
281 1558 379 1622 tinxit.
423 1577 502 1641 quae
525 1558 627 1642 figura
648 1560 843 1623 manifestior
865 1560 897 1623 in
919 1559 1067 1640 baptismi
1092 1560 1309 1623 sacramento?
1346 1557 1422 1621 libe-

280 1666 389 1726 rantur
409 1663 446 1726 de
470 1664 594 1727 saeculo
617 1664 758 1727 nationes
780 1683 837 1745 per
858 1682 972 1746 aquam
995 1664 1112 1727 scilicet
1135 1666 1166 1726 et
1189 1662 1347 1727 diabolum
1370 1663 1422 1725 do-

280 1768 466 1831 minatorem
492 1768 659 1849 piistinum
681 1768 714 1831 in
744 1786 826 1849 aqua
849 1787 1034 1851 oppressum
1064 1767 1293 1848 derelinquunt.
1347 1767 1421 1829 item

282 1890 364 1952 aqua
387 1872 425 1934 de
448 1872 663 1936 amaritudinis
682 1873 758 1936 uitio
777 1873 810 1935 in
830 1891 923 1935 usum
943 1872 1124 1936 commodae
1144 1871 1308 1935 suauitatis
1324 1870 1423 1933 Mosei

279 1976 365 2058 ligno
397 1976 595 2040 remediatur.
645 1977 766 2059 lignum
800 1977 877 2040 illud
912 1980 978 2040 erat
1008 1975 1151 2041 Christus
1185 1978 1358 2039 uenenatae
1391 1978 1422 2037 et
1454 1990 1457 1994 ·

229 2107 253 2145 15
280 2098 405 2143 amarae
435 2084 517 2144 retro
548 2084 679 2145 naturae
709 2099 807 2144 uenas
837 2082 870 2144 iu
900 2081 1122 2145 saluberrimas
1151 2098 1248 2162 aquas
1276 2079 1421 2161 baptismi

280 2185 399 2248 sedicet
428 2204 465 2248 er
495 2203 564 2249 sese
593 2186 780 2249 remedians.
823 2185 900 2248 haec
931 2188 980 2249 est
1010 2203 1101 2267 aqua,
1132 2203 1211 2266 quae
1242 2185 1280 2247 de
1310 2183 1420 2247 comite

279 2293 369 2370 petra
397 2290 511 2371 populo
541 2289 707 2353 defluebat.
754 2290 780 2352 si
812 2291 894 2353 enim
924 2292 1014 2371 petra
1044 2289 1201 2369 Christus,
1233 2289 1299 2353 sine
1330 2288 1420 2351 dubio

280 2412 361 2475 aqua
382 2394 414 2457 in
438 2393 560 2459 Christo
590 2395 781 2476 baptismum
813 2394 956 2457 uidemus
985 2394 1135 2457 benedici.
1176 2396 1294 2475 quauta
1324 2410 1419 2475 aquae
1476 2422 1480 2428 ·
1594 2364 1595 2421 l

280 2498 381 2579 gratia
409 2517 505 2579 penes
537 2498 630 2561 deum
660 2502 691 2562 et
714 2497 874 2562 Christum
906 2498 971 2561 eius
1003 2501 1051 2561 est
1078 2498 1117 2563 ad
1139 2498 1289 2578 baptismi
1312 2495 1420 2561 coufir-

227 2631 254 2668 ie
280 2603 465 2666 mationem!
503 2621 665 2685 nunquam
700 2604 766 2667 sine
799 2621 880 2684 aqua
914 2602 1071 2667 Christus:
1107 2602 1259 2684 siquidem
1294 2604 1325 2665 et
1356 2601 1418 2681 ipse

255 2725 362 2794 ,aqua
390 2707 552 2790 tinguitur,
582 2708 685 2790 prima
713 2708 893 2771 rudimenta
922 2707 1086 2789 potestatis
1118 2724 1192 2770 suae
1223 2708 1354 2769 uocatus
1382 2704 1419 2768 ad

280 2813 405 2893 nuptias
436 2830 517 2894 aqua
548 2813 738 2895 auspicatur,
774 2831 847 2876 cum
878 2830 1056 2876 sermonem
1087 2811 1176 2891 facit,
1211 2810 1352 2874 sitientes
1382 2809 1419 2871 ad

280 2934 394 2997 aquam
417 2935 508 2981 suam
529 2918 644 2981 inuitat
667 2918 901 2999 sempiternam,
925 2935 998 2980 cum
1020 2917 1058 2979 de
1081 2933 1180 2999 agape
1201 2916 1305 2994 docet*
1324 2904 1418 2996 aquae

280 3022 410 3085 calicem
438 3022 568 3105 pauperi
597 3021 737 3085 oblatum
759 3022 841 3086 inter
864 3039 957 3103 opera
985 3021 1157 3084 dilectionis
1186 3018 1309 3101 probat,
1341 3017 1419 3101 apud

228 3149 254 3189 is
279 3128 411 3206 puteum
431 3126 512 3189 uires
528 3126 670 3207 resumit,
693 3145 787 3208 super
804 3144 919 3208 aquam
933 3125 1057 3205 incedit,
1080 3125 1214 3189 libenter
1230 3122 1419 3201 transfretat,

192 3291 194 3294 .
232 3232 238 3241 ’
280 3246 395 3311 aquam
417 3230 609 3294 discentibus
633 3231 800 3294 ministrat.
839 3232 1021 3312 perseuerat
1041 3228 1256 3293 testimonium
1275 3227 1420 3310 baptismi

280 3352 379 3416 usque
404 3335 442 3398 ad
464 3336 658 3417 passionem:
683 3353 755 3399 cum
778 3335 900 3399 deditur
922 3335 954 3398 in
978 3352 1113 3414 crucem,
1137 3350 1219 3414 aqua
1238 3333 1419 3407 interuenit3

280 3438 383 3502 sciunt
404 3439 497 3503 Pilati
520 3457 647 3502 manus:
679 3457 751 3503 cum
774 3440 968 3520 uulneratur,
999 3456 1079 3520 aqua
1101 3438 1139 3500 de
1161 3438 1259 3501 latere
1281 3454 1421 3519 prorum·

278 3543 339 3624 pit;
364 3544 423 3607 seit
445 3545 555 3608 lancea
577 3544 694 3608 militia.

226 3673 254 3712 eo
325 3645 374 3711 10.
405 3648 559 3729 Diximus,
591 3652 745 3731 quantum
775 3648 981 3713 mediocritati
1008 3650 1132 3711 nostrae
1160 3647 1258 3728 licuit,
1289 3648 1327 3711 de
1355 3646 1421 3710 uni·

279 3752 377 3815 uersis
409 3771 488 3833 quae
518 3752 667 3835 baptismi
696 3753 879 3836 religionem
911 3756 1050 3827 struunt;
1086 3770 1169 3816 nuuc
1200 3753 1238 3816 ad
1267 3752 1421 3834 reliquum

324 3961 337 4014 1
357 3959 415 4028 sed]
435 3959 458 4012 si
476 3962 503 4013 et
520 3962 578 4014 Iam
634 3961 651 4013 2
670 3959 802 4028 delinquit
825 3961 876 4015 Ure
936 3961 1105 4027 comparatur
1123 3961 1193 4013 Iam:
1211 3962 1378 4027 comparetur
1393 3958 1420 4011 Β

280 4044 382 4100 diluuio
392 4046 481 4113 itaque
491 4046 561 4115 ignis
570 4048 627 4100 Iura
674 4050 737 4116 teg.
750 4049 816 4114 quot
828 4053 868 4102 ter
880 4045 1028 4113 Gel:quod
1040 4046 1115 4101 terB
1163 4045 1259 4101 Sliber
1271 4049 1298 4099 et
1310 4046 1421 4115 scripsi:

279 4132 362 4186 libere
373 4134 409 4202 B,
427 4132 496 4187 liber
512 4136 571 4203 Ure,
590 4135 639 4188 del.
657 4135 713 4203 Rip
767 4133 904 4201 expeditus
923 4134 972 4188 del.
991 4135 1050 4188 Urs.
1105 4134 1137 4187 12
1156 4132 1345 4200 derelinquunt
1359 4132 1421 4187 ser:

279 4219 480 4287 derelinquitB
534 4222 567 4275 13
579 4237 658 4273 usum
669 4221 867 4274 Lct:suumB
920 4218 1075 4273 commodae
1087 4219 1419 4289 scripsiseommodumB

281 4311 313 4363 15
331 4305 565 4360 insaluberrimas
583 4309 669 4362 Pam:
689 4306 908 4360 insaluberrimas
926 4308 954 4361 B
1027 4310 1059 4363 18
1077 4323 1159 4374 aquae
1182 4308 1234 4362 Urs
1305 4304 1421 4375 praedici

277 4397 342 4463 fort.
395 4396 430 4448 24
447 4396 557 4462 pauperi
580 4396 646 4449 Urs:
663 4394 735 4462 patri
752 4395 788 4462 B,
807 4392 886 4447 fratri
904 4396 976 4449 Pom
