3200 5034
611 456 642 510 X.
662 457 706 511 De
725 458 832 512 anima
849 461 891 514 43.
1257 462 1318 527 371

77 630 167 687 2153
180 627 276 692 finem
306 631 406 711 operis
437 631 588 695 adlatura.
610 629 614 717 l
635 634 689 715 qui
720 654 792 719 ergo
820 636 857 700 de
882 636 984 700 somni
1007 637 1207 701 naturalitate
1230 637 1320 702 dubi-

177 732 269 813 tabit,
299 733 395 798 habet
425 735 552 817 quidem
583 737 760 802 dialecticos
790 739 824 802 in
856 739 987 805 dubium
1010 740 1196 806 deducentes
1220 745 1320 806 totam

176 838 368 902 naturalium
399 842 430 903 ct
457 843 736 907 extranaturalium
759 844 990 926 discretionem,
1013 848 1049 909 nt
1073 848 1105 909 et
1127 865 1206 929 quae
1228 851 1320 929 puta-

175 941 258 1004 uerit
287 942 365 1006 citra
396 947 540 1008 naturam
563 965 632 1011 esse
656 952 786 1011 naturae
810 949 962 1012 uindicari
985 949 1063 1014 sciat
1085 967 1187 1033 posse,
1218 969 1236 1014 a
1259 970 1320 1033 qua

174 1045 220 1108 ita
242 1065 312 1112 esse
334 1048 446 1112 sort'ta
468 1053 553 1131 sunt,
576 1054 612 1115 nt
634 1052 712 1116 citra
735 1071 805 1116 eam
827 1052 937 1117 haberi
960 1054 1135 1135 uideantur,
1160 1058 1190 1119 et
1213 1055 1318 1137 utique
1359 1083 1372 1120 5

174 1153 232 1214 ant
261 1155 373 1217 natura
402 1154 508 1218 omnia
539 1159 594 1220 ant
616 1157 705 1221 nulla
727 1161 849 1222 natura.
896 1159 977 1240 apud
1001 1176 1056 1222 nos
1082 1162 1188 1223 autern
1211 1159 1243 1223 id
1264 1178 1319 1241 po-

174 1255 250 1318 terit
273 1256 372 1321 audiri
396 1259 478 1340 quod
500 1259 550 1323 dei
573 1262 796 1344 contemplatio
826 1264 976 1346 suggerit,
1007 1263 1142 1328 auctoris
1167 1263 1318 1344 omnium,

175 1358 213 1422 de
241 1361 353 1442 quibus
377 1364 546 1445 quaeritur.
592 1366 748 1430 credimus
772 1367 867 1448 enirn,
899 1367 926 1431 si
949 1368 1023 1449 quid
1046 1370 1094 1432 est
1118 1371 1239 1448 natura,
1268 1387 1319 1432 ra-

173 1465 292 1530 tionale
314 1467 438 1549 aliquod
461 1488 538 1551 opus
562 1470 611 1534 dei
634 1490 711 1536 esse.
747 1491 838 1554 porro
862 1489 1007 1538 somnum
1023 1472 1103 1537 ratio
1118 1473 1228 1554 praeit,
1251 1475 1319 1537 tam

173 1573 294 1653 aptum,
329 1575 396 1636 tam
426 1575 545 1656 utilem,
581 1579 647 1640 tam
677 1577 902 1657 necessarium,
934 1580 970 1641 ut
999 1576 1116 1659 absque
1147 1578 1201 1641 illo
1232 1578 1318 1641 nulla
1345 1607 1370 1645 lo

172 1677 281 1742 anima
303 1678 447 1760 sufficiat,
470 1683 678 1745 recreatorem
698 1698 872 1763 corporum,
895 1681 1176 1766 redintegratorem
1191 1682 1316 1763 uirium,

171 1782 372 1865 probatorem
387 1785 613 1867 ualetudinum,
637 1789 816 1869 pacatorem
832 1805 971 1868 opernm,
992 1787 1148 1850 medicum
1163 1785 1316 1868 labomm,

171 1889 224 1951 cui
245 1889 384 1973 legitime
400 1890 531 1955 fruendo
548 1890 613 1955 dies
629 1891 722 1971 cedit,
745 1909 805 1955 nox
820 1892 924 1975 legem
939 1891 1025 1972 facit,
1050 1891 1193 1955 auferens
1209 1911 1316 1955 rernm

172 1992 270 2056 etiam
293 1994 437 2059 colorem.
483 1995 595 2077 quodsi
618 1996 714 2060 uitale
737 1997 873 2060 salutare
897 1995 1043 2059 auxiliare
1067 2007 1206 2076 somnus,
1238 1996 1317 2060 nihil

172 2097 326 2162 eiusmodi
358 2118 421 2163 non
453 2101 620 2180 rationale,
654 2099 732 2164 nihil
762 2117 826 2163 non
856 2100 1008 2164 naturale.
1068 2100 1112 2164 sio
1144 2103 1175 2163 et
1204 2099 1317 2163 medici
1344 2129 1369 2167 15

170 2219 266 2265 omne
295 2203 486 2267 contrarium
515 2204 605 2268 uitali
636 2204 766 2268 salutari
796 2204 936 2268 auxiliari
959 2207 1045 2268 extra
1067 2205 1225 2268 naturales
1249 2222 1317 2268 oar-

170 2305 261 2370 dines
290 2307 440 2391 relegant.
488 2327 562 2372 nam
592 2311 624 2372 et
647 2309 787 2373 aemulas
812 2326 921 2373 somno
944 2308 1152 2389 ualetudines,
1182 2308 1316 2395 phrene-

168 2411 267 2474 ticam
298 2414 390 2493 atqne
421 2412 607 2494 cardiacam,
637 2416 760 2494 praeter
782 2416 928 2477 naturam
951 2412 1115 2477 indicando
1139 2413 1315 2476 naturalem

170 2531 319 2579 somnum
341 2517 648 2599 praeindicauerunt;
671 2518 768 2582 etiam
782 2518 816 2581 in
831 2519 972 2600 lethargo
988 2535 1051 2581 non
1067 2516 1243 2581 naturalem
1259 2534 1314 2581 no·

169 2622 276 2683 tantes
306 2621 486 2685 testimonio
517 2622 651 2686 naturali
680 2622 881 2706 respondent,
913 2639 986 2685 cnm
1016 2621 1050 2685 in
1080 2639 1136 2686 suo
1159 2624 1314 2703 tempera·
1341 2649 1366 2688 20

168 2727 277 2788 mento
301 2728 357 2789 est.
400 2726 502 2790 omnis
526 2726 611 2789 enim
634 2730 747 2791 natura
769 2730 824 2791 aut
847 2726 1080 2790 defraudatione
1104 2728 1157 2790 aut
1180 2725 1314 2789 enormi-

168 2831 237 2892 tate
260 2829 455 2910 rescinditur,
477 2831 666 2912 proprietate
682 2849 848 2895 mensmae
864 2834 1076 2895 conseruatur.
1111 2831 1155 2894 ita
1171 2831 1313 2894 naturale

168 2933 229 2995 erit
252 2936 345 3014 statu,
368 2935 450 3015 quod
473 2953 536 2999 non
560 2937 701 3000 naturale
725 2934 807 2999 effici
829 2938 933 3019 potest
955 2935 1085 3000 decessu
1108 2936 1160 2999 uel
1176 2953 1312 2999 excessu.

167 3037 255 3119 quid,
286 3039 313 3102 si
342 3042 373 3102 et
396 3057 486 3103 esnm
509 3043 540 3103 et
562 3043 670 3122 potum
695 3040 732 3103 de
756 3043 886 3104 naturae
910 3039 1045 3104 sortibus
1069 3041 1207 3104 eximas?
1238 3057 1312 3103 narn

168 3146 202 3206 et
231 3143 264 3207 in
293 3143 342 3207 his
372 3144 508 3224 plurima
538 3144 640 3208 somni
670 3147 893 3226 praeparatura
924 3147 980 3208 est.
1026 3148 1109 3208 certe
1139 3144 1187 3208 his
1211 3162 1230 3208 a
1251 3144 1313 3226 pri·
1339 3170 1365 3209 25

166 3246 288 3310 mordio
310 3249 440 3310 naturae
463 3266 538 3312 suae
560 3248 653 3312 homo
675 3247 804 3312 inbutus
829 3251 885 3312 est.
929 3248 955 3312 si
978 3248 1060 3331 apud
1083 3248 1177 3312 deum
1200 3247 1312 3328 discas,

166 3351 222 3416 ille
256 3352 325 3415 tons
359 3352 497 3436 generis,
531 3351 651 3433 Adam
689 3356 761 3417 ante
796 3352 894 3416 ebibit
928 3370 1071 3435 soporem
1106 3371 1200 3435 quam
1235 3353 1313 3415 sitiit

168 3455 320 3537 quietem,
351 3459 423 3520 ante
454 3456 579 3521 dormiit
608 3474 704 3538 quam
726 3457 892 3536 laborauit,
922 3457 1019 3520 immo
1043 3474 1138 3537 quam
1162 3459 1193 3519 et
1215 3453 1309 3541 editt
1414 3522 1415 3526 ,

47 3567 150 3624 [153v
165 3559 265 3625 immo
297 3578 392 3642 quam
423 3564 454 3625 et
483 3561 623 3644 profatus
655 3564 715 3641 est,
749 3563 785 3624 ut
814 3561 942 3624 uideant
973 3561 1148 3624 naturalem
1177 3560 1311 3623 indicem

271 3689 317 3759 27]
336 3688 369 3744 ct.
383 3688 449 3744 Gen.
462 3691 487 3755 2,
500 3691 533 3745 21
547 3704 603 3757 sqq.

212 3804 225 3856 1
249 3802 373 3856 adlatura
390 3804 542 3860 Merceruc:
563 3802 672 3856 adlatur
689 3803 725 3871 A,
743 3801 870 3855 adulatur
888 3803 915 3856 B
985 3804 1002 3857 3
1024 3803 1051 3854 et
1073 3801 1310 3855 extranaturalium

164 3891 266 3951 obad
336 3892 364 3944 et
381 3909 432 3946 om.
450 3891 479 3945 A
547 3891 645 3944 5snnt
665 3890 729 3945 cer:
746 3891 788 3942 est
806 3889 861 3942 AB
934 3890 966 3943 12
984 3890 1148 3957 peractorem
1166 3889 1310 3942 Hurtcle'as

166 3979 200 4032 15
220 3976 287 4030 nihil
306 3993 359 4031 non
378 3976 499 4031 naturale
516 3978 603 4032 Pam:
621 3976 702 4045 [nihil
720 3992 773 4030 non
791 3975 913 4030 naturale
932 3975 1061 4030 rationale
1080 3975 1151 4044 quod
1170 3975 1309 4043 rationale]

163 4065 202 4129 B,
225 4083 276 4120 om.
289 4066 324 4134 A,
345 4066 404 4133 Gal,
422 4064 463 4119 ‘al
483 4064 588 4118 desunt*
601 4066 674 4134 qu
739 4066 772 4119 16
791 4063 925 4117 naturales
944 4065 1007 4132 AB,
1030 4065 1141 4116 naturae
1159 4064 1239 4133 Beraq,
1261 4064 1310 4117 Gcl

165 4153 200 4208 18
227 4153 307 4219 atque
334 4152 484 4205 cardiacam
510 4169 561 4207 om.
581 4152 608 4205 A
687 4153 721 4204 20
752 4167 877 4204 somnum
909 4150 1059 4203 naturalem
1086 4149 1219 4219 spondent
1244 4151 1308 4217 fort.

164 4239 206 4308 in]
225 4239 281 4292 sine
300 4241 444 4295 Hartctics
509 4241 544 4295 24
561 4241 588 4292 et
601 4240 684 4308 prius
702 4239 751 4293 del.
768 4238 818 4293 Get
887 4241 921 4293 25
935 4238 1021 4291 somni
1034 4239 1097 4304 AB,
1116 4237 1220 4290 homini
1232 4238 1308 4290 Har-

163 4327 245 4381 tclics
309 4329 437 4396 paratura
454 4327 527 4381 Pam
590 4327 624 4380 29
642 4324 781 4378 uideamus
798 4327 863 4394 fort.
935 4323 1113 4392 indigentiam
1132 4323 1217 4376 somni
1235 4325 1309 4392 fort,

164 4413 249 4466 indici
267 4428 392 4466 somnum
409 4414 553 4468 flonetius

1102 4495 1152 4547 24*
