3200 5034
514 453 565 508 III.
584 452 632 507 Ao
650 453 801 507 nationes
818 453 901 507 libl
921 456 960 508 10.
1269 451 1310 516 79

169 629 217 692 661
239 631 394 711 quantum
416 629 567 694 honorem
592 622 804 713 adiudicabis,
835 632 961 693 tantum
987 628 1053 692 deis
1077 628 1193 692 uestris
1222 629 1310 692 dero-

167 733 277 816 gastis,
301 732 530 816 magnificando
554 734 607 814 qui
629 733 667 796 16
691 733 736 796 616
759 733 844 796 lusit.
867 729 872 816 Ι
896 733 997 796 adhuc
1019 732 1222 797 meminimus
1239 733 1311 797 ·Ho·

86 845 150 898 112ν
166 838 255 901 meri·
321 838 384 918 illc,
415 839 533 920 opinor,
566 841 614 901 est
640 838 692 919 qui
721 837 860 901 diuinam
887 838 1104 921 maiestatem,
1133 834 1142 922 11
1171 838 1311 901 humana

167 942 346 1026 condicione
369 942 526 1021 tractauit,
559 941 684 1005 casibus
709 945 740 1004 et
761 940 960 1023 passionibus
983 941 1130 1005 humanis
1154 942 1227 1006 deos
1250 943 1310 1005 im·

165 1042 285 1130 buleus,
317 1046 371 1128 qui
384 1104 386 1108 .
401 1047 438 1109 16
471 1046 532 1110 illis
563 1045 671 1109 fauore
701 1045 834 1108 diuersis
865 1045 1050 1128 gladiatoria
1079 1047 1309 1129 quodammodo
1349 1073 1362 1112 6

165 1149 283 1233 pariat
311 1150 496 1233 composuit,
520 1150 676 1213 Venerem
704 1149 825 1213 sauciat
852 1150 969 1232 sagitta
993 1151 1142 1231 humana,
1173 1150 1310 1215 Martem

165 1254 317 1318 tredecim
350 1252 521 1340 menlsibus
555 1255 588 1318 in
626 1255 760 1318 uinculis
798 1253 917 1319 detinet
955 1255 1088 1318 fortasse
1124 1256 1309 1337 periturum,

166 1358 277 1422 eadem
300 1359 410 1422 Iouem
433 1377 532 1441 paene
555 1357 750 1442 peripessum
773 1377 791 1422 a
814 1359 961 1422 caelitum
983 1359 1076 1441 plebe
1098 1360 1234 1424 traducit
1256 1364 1310 1426 aut

165 1462 312 1527 lacrimas
337 1463 403 1527 eius
427 1481 520 1545 super
543 1460 764 1547 Sarpedolnem
787 1464 905 1526 excutit
927 1466 981 1527 aut
1002 1465 1212 1528 luxuriantem
1238 1484 1310 1528 oum

164 1566 286 1632 Iunone
316 1567 494 1632 foedissime
523 1567 643 1631 inducit
672 1564 900 1652 oomlmendato
921 1567 1058 1631 libidinis
1082 1568 1232 1633 desiderio
1254 1589 1310 1651 por
1338 1597 1363 1636 ro

165 1672 496 1736 commemorationem
520 1674 551 1734 61
575 1669 853 1756 666666611616666
876 1672 1057 1736 amicarum.
1104 1674 1213 1737 exinde
1240 1676 1309 1756 quis

166 1793 228 1841 non
258 1780 424 1859 poetarum
455 1796 491 1840 ex
521 1777 707 1841 auctoritate
738 1776 887 1859 principis
909 1778 913 1858 l
934 1777 983 1839 sui
1012 1777 1045 1840 in
1073 1777 1147 1841 deos
1171 1779 1309 1842 insolens

167 1884 220 1944 aut
242 1899 318 1944 uera
340 1881 497 1963 prodendo
521 1883 575 1945 661
597 1881 679 1945 falsa
701 1880 870 1964 fingendo?
894 1885 926 1945 et
949 1881 1060 1964 tragici
1080 1883 1084 1961 Ι
1105 1883 1232 1963 quidem
1256 1888 1310 1946 aut

166 1986 276 2049 comici
310 1988 530 2068 pepercerunt,
565 1988 602 2048 61
636 2003 699 2048 666
731 2003 896 2049 aerumnas
927 2004 963 2049 ac
992 2003 1108 2068 poenas
1140 1987 1189 2050 dei
1219 2006 1309 2069 prae-

166 2089 327 2154 farentur?
348 2088 351 2173 l
372 2094 459 2153 taceo
487 2090 525 2153 de
548 2089 752 2172 philosophis,
784 2108 860 2172 quos
891 2089 1039 2171 superbia
1069 2091 1246 2155 seueritatis
1278 2095 1309 2155 61
1337 2119 1361 2157 1⁵

167 2193 279 2257 duritia
307 2194 487 2276 disciplinae
512 2196 515 2270 l
542 2193 579 2256 ab
609 2193 694 2257 omni
717 2194 829 2257 timore
858 2212 983 2258 securos
1014 2196 1182 2260 nonnullus
1214 2195 1309 2259 etiam

166 2297 291 2362 afflatus
321 2297 463 2362 ueritatis
495 2294 653 2382 aduerlsus
687 2298 759 2361 deos
793 2298 891 2380 erigit.
939 2298 1072 2380 denique
1103 2303 1135 2363 61
1166 2298 1308 2365 Socrates

165 2403 196 2465 in
227 2403 451 2468 contumeliam
483 2419 590 2465 eorum
618 2419 767 2483 quercum
791 2404 822 2465 et
845 2399 982 2486 calmem
1006 2406 1037 2466 61
1063 2404 1186 2467 hircum
1215 2404 1307 2469 iurat.

166 2523 240 2570 nam
263 2507 324 2570 etsi
347 2506 460 2570 idcirco
484 2507 653 2570 damnatus
678 2509 734 2585 cst,
759 2523 831 2568 cum
853 2506 1045 2587 paenituerit
1064 2505 1068 2591 l
1087 2506 1307 2592 ,Atlrenienses

167 2610 388 2690 damnationis,
416 2614 452 2674 ut
480 2611 695 2673 criminatores
719 2628 843 2692 quoque
865 2611 1074 2692 inpenderint,
1104 2609 1307 2698 restil,tuitup
1335 2641 1361 2679 eo

166 2715 383 2778 testimonium
418 2713 552 2794 Socrati,
593 2717 624 2778 61
657 2732 788 2797 possum
809 2718 1002 2796 retorquere
1037 2716 1204 2798 probatum
1240 2737 1308 2780 esse

165 2819 196 2882 in
226 2819 281 2882 illo
302 2820 306 2900 Ι
325 2818 427 2903 ,quod
458 2837 542 2882 nuno
572 2818 758 2902 reprobatur
792 2819 825 2882 in
856 2819 956 2883 nobis.
1007 2820 1060 2883 sed
1092 2824 1123 2884 et
1152 2821 1308 2904 Diogenes

165 2923 269 2986 nescio
293 2922 368 3005 quid
390 2924 423 2986 in
438 2919 626 3008 Hercul,lem
649 2923 744 3006 lusit„
769 2925 800 2986 61
816 2922 950 2987 Romani
966 2924 1030 2987 stili
1044 2925 1201 3008 Diogenes
1210 2926 1309 2990 Varro

164 3021 320 3092 trecentos
343 3027 445 3107 Ioues,
475 3046 531 3090 seu
554 3025 746 3111 Iuppil,tcres
771 3027 947 3111 dicendum
975 3032 1033 3108 est,
1062 3030 1128 3092 6166
1156 3031 1308 3113 capitibus

164 3131 293 3196 inducit.
363 3134 467 3196 cetera
489 3131 638 3195 lasciuiae
661 3132 788 3214 ingenia
816 3130 820 3214 l
846 3132 1307 3216 ἱ61166666166161666661666
1335 3163 1361 3200 aa

164 3255 217 3318 per
241 3236 377 3300 dedecus
400 3235 530 3300 deorum
553 3235 784 3299 administrant.
807 3233 811 3318 Ι
832 3236 982 3320 dispicite
1006 3238 1097 3322 apu,d
1119 3256 1176 3302 uos
1192 3239 1308 3302 Lentu-

162 3341 266 3404 lorum
289 3343 320 3403 et
342 3340 526 3404 Hostiorum
550 3339 718 3423 sacrilegas
742 3344 935 3421 uenustatcs,
963 3344 1070 3406 utrum
1090 3342 1094 3421 Ι
1112 3343 1244 3427 ,mimos
1268 3361 1308 3407 an

164 3445 236 3508 deos
261 3447 383 3508 uestros
407 3444 439 3508 in
463 3444 599 3525 strophis
624 3446 655 3507 et
677 3444 751 3507 iocis
775 3445 916 3519 rideatis3
948 3445 1004 3509 661
1027 3449 1058 3509 61
1080 3443 1277 3510 histrionicas
1300 3444 1309 3531 ll

95 3552 147 3610 f.13
163 3549 284 3612 litteras
308 3565 425 3632 magna
449 3566 521 3611 cum
544 3549 706 3631 uoluptate
730 3549 898 3630 suscipitis,
926 3567 1005 3630 quae
1029 3567 1154 3614 omnem
1178 3551 1309 3616 foedita-

208 3705 220 3758 1
242 3701 403 3756 adiudicatis
426 3703 566 3758 oehlerus:
584 3701 684 3755 additis
704 3703 776 3758 Gotb
839 3706 855 3759 6
873 3704 1008 3758 commisit
1028 3704 1099 3760 soto
1161 3709 1177 3761 8
1195 3722 1262 3774 pene
1280 3709 1308 3761 A

165 3791 196 3846 18
213 3790 321 3844 hircum
342 3790 482 3846 Oebicrus:
500 3790 592 3844 heram
610 3790 638 3844 A
710 3793 742 3845 19
760 3791 906 3860 penituerit
924 3794 952 3846 A
1021 3794 1056 3847 20
1074 3794 1105 3845 61
1123 3793 1307 3847 criminatores

167 3875 305 3933 06116666.-
317 3877 544 3932 discriminatores
557 3878 585 3931 A
636 3877 808 3946 inpenderint
822 3879 907 3934 Goth:
917 3879 1069 3948 inpanderit
1081 3882 1108 3933 A
1157 3881 1308 3934 restituitur

166 3964 249 4020 Gora:
267 3964 332 4018 resti
343 4006 348 4017 .
360 4005 365 4016 .
378 3967 438 4018 ‚tur
459 3964 545 4021 doro*
599 3967 632 4020 22
651 3964 722 4032 quod
741 3980 812 4018 6666
827 3967 912 4021 Goth:
930 4008 1016 4020 .....
1029 3982 1101 4020 6666
1119 3968 1155 4035 A,
1175 3984 1306 4022 ...nunc

164 4050 230 4105 Bal*
284 4053 318 4105 23
330 4050 474 4104 Herculem
486 4051 551 4104 lusit
566 4051 637 4106 Gotb
690 4050 1035 4120 241666116666116661666
1049 4054 1121 4109 Gotb
1173 4054 1307 4109 2561166

166 4137 234 4193 cort
288 4140 322 4192 26
342 4137 463 4206 dispicite
482 4138 553 4210 apud
570 4153 618 4191 uos
637 4137 722 4192 Gora:
741 4137 841 4208 despici
854 4182 939 4194 .....
954 4139 1020 4192 duos
1038 4141 1073 4206 A,
1094 4140 1221 4208 despicite
1240 4140 1307 4194 duos

165 4223 248 4280 Gora*
319 4226 352 4280 27
372 4225 511 4293 sacrilegas
529 4226 682 4278 uenustates
703 4224 790 4280 Gotb:
808 4226 936 4295 sacrilega
953 4229 1093 4280 uenustate
1112 4229 1140 4282 A
1209 4228 1306 4281 mimos

165 4311 247 4367 doto.-
266 4354 270 4366 .
287 4355 292 4365 .
308 4354 313 4365 .
328 4353 334 4365 .
349 4329 377 4365 66
390 4315 425 4380 A,
445 4326 552 4366 ...666
570 4310 649 4380 Β61*,
663 4311 750 4366 Horo*
813 4315 846 4368 28
865 4313 980 4382 strophis
999 4316 1026 4366 61
1043 4314 1108 4368 16616
1128 4314 1212 4371 coro.-
1230 4315 1306 4370 trofis

163 4401 188 4452 61
203 4397 268 4453 16616
291 4399 319 4452 A
