3200 5034
572 420 648 474 VIII.
667 420 711 473 De
729 418 894 488 pudicitia
913 421 936 473 7.
1261 416 1325 481 233

182 598 229 679 fit,
252 598 473 682 dedignatione
496 595 709 679 castigationis
734 595 867 678 abrupit.
906 594 1000 659 debet
1021 594 1138 677 requiri
1160 596 1253 675 atque
1277 612 1325 658 re·

182 704 296 768 uocari.
336 703 418 785 quod
440 704 545 784 potest
567 700 754 783 recuperari,
778 718 840 763 non
863 700 955 782 perit,
979 699 1039 764 nisi
1054 699 1129 763 foris
1145 716 1325 781 perseuera-

182 808 273 871 uerit.
313 806 394 871 bene
424 804 680 890 interpretaberis
710 804 893 887 parabolam
924 804 1085 868 uiuentem
1113 801 1215 867 adhuc
1236 820 1326 865 reuo-

182 931 257 976 cans
287 914 493 999 peccatorem.
532 909 699 973 moechum
733 927 808 972 uero
842 912 875 973 ot
907 908 1126 972 fornicatorem
1160 906 1229 988 quis
1263 924 1326 970 non

182 1019 342 1080 mortuum
365 1015 473 1080 statim
497 1014 635 1078 admisso
657 1011 894 1095 pronuntiauit?
931 1030 992 1093 quo
1020 1030 1072 1075 ore
1095 1014 1254 1075 mortuum
1277 1030 1325 1073 re·
1365 1036 1378 1075 a

183 1122 294 1185 stitues
316 1121 348 1183 in
371 1139 499 1203 gregem
523 1138 559 1182 ex
581 1116 750 1200 parabolae
766 1118 833 1182 eius
849 1117 1046 1197 auctoritate,
1070 1134 1149 1199 quae
1164 1134 1227 1181 non
1243 1134 1325 1180 mor-

182 1228 274 1289 tuum
296 1244 391 1308 pecus
414 1226 562 1288 reuocat?
600 1222 732 1304 denique
755 1222 783 1286 si
806 1223 979 1287 meministi
998 1223 1231 1306 prophetarum,
1254 1238 1326 1283 oum
1427 1248 1429 1256 s

183 1332 325 1413 pastores
344 1330 556 1410 increpantur,
579 1329 655 1410 puto
670 1326 842 1390 Ezechielis
866 1330 914 1390 est
937 1346 1009 1391 uox:
1032 1329 1218 1409 pastores,
1243 1343 1326 1389 eece

182 1435 240 1498 lac
262 1434 452 1497 deuoratis
476 1436 512 1497 et
533 1432 631 1497 lanis
655 1432 864 1507 uestimini;
897 1433 994 1513 quod
1023 1432 1121 1496 forte
1153 1432 1208 1494 est
1235 1430 1326 1493 occi-

183 1539 307 1619 distis,
339 1538 433 1620 quod
455 1537 648 1601 infirmum
671 1540 822 1601 estnon
845 1536 1023 1616 curastis,
1054 1535 1150 1617 quod
1176 1534 1324 1612 commi·
1354 1559 1379 1597 ιο

182 1646 316 1707 nutum
340 1645 397 1706 est
427 1660 499 1707 non
521 1642 689 1725 ligastis,
720 1641 816 1723 quod
847 1642 1042 1723 expulsum
1070 1644 1127 1705 est
1149 1657 1221 1703 non
1244 1656 1326 1702 con·

182 1748 372 1827 uertistis,
386 1747 481 1829 quod
492 1746 605 1829 periit
617 1763 688 1809 non
699 1746 927 1827 requisistis.
945 1744 1099 1827 numquid
1111 1748 1142 1809 et
1154 1745 1326 1808 demortuo

182 1851 360 1935 exprobrat,
390 1852 474 1932 quod
503 1869 566 1915 non
597 1853 629 1913 et
658 1850 735 1913 illud
765 1850 796 1913 in
827 1868 956 1933 gregem
977 1849 1104 1914 reficere
1127 1848 1326 1913 ourauerint?

181 1956 277 2038 plane
301 1956 425 2039 ingerit,
457 1954 539 2037 quod
568 1955 669 2036 perire
692 1972 767 2018 oues
790 1954 925 2018 fecerint
948 1957 979 2017 et
1002 1973 1021 2017 a
1042 1954 1150 2019 bestiis
1182 1954 1248 2037 agri
1276 1970 1327 2015 co-

182 2060 269 2124 medi
284 2097 326 2105 —
342 2078 441 2141 neque
457 2062 590 2141 possunt
606 2077 663 2122 nec
678 2059 778 2141 perire
794 2058 828 2121 in
844 2061 979 2122 mortem
995 2044 1057 2122 nec
1075 2058 1206 2137 comedi,
1230 2058 1257 2121 si
1278 2077 1327 2122 re·
1354 2083 1379 2122 rs

182 2166 366 2247 linquantur
381 2201 425 2209 —
440 2182 514 2244 non,
531 2167 566 2227 ut
581 2163 722 2253 perditae
737 2164 769 2226 in
787 2166 922 2228 mortem
943 2167 973 2227 et
989 2166 1146 2227 comestae
1163 2180 1326 2227 resuman-

182 2273 246 2333 tur.
277 2270 363 2333 iuxta
378 2267 547 2333 drachmae
563 2287 686 2351 quoque
703 2269 882 2350 exemplum
904 2267 1000 2332 otiam
1022 2268 1104 2332 intra
1127 2267 1255 2331 domum
1278 2268 1327 2331 dei

184 2374 350 2439 ecclesiam
372 2373 447 2437 licet
469 2391 539 2437 esse
562 2373 665 2455 aliqua
687 2372 804 2437 delicta
825 2390 880 2453 pro
904 2373 1001 2454 ipsius
1019 2372 1185 2437 drachmae
1201 2371 1327 2436 modulo

183 2497 221 2543 ac
243 2477 379 2559 pondere
401 2477 580 2557 mediocria,
612 2494 691 2559 quae
722 2476 839 2540 ibidem
870 2476 1087 2541 delitescentia
1117 2494 1188 2540 mor
1211 2475 1327 2540 ibidem

182 2586 215 2646 et
236 2584 361 2663 reperta
383 2581 492 2645 statim
507 2580 625 2645 ibidem
640 2600 714 2644 oum
729 2580 843 2663 gaudio
860 2581 1087 2645 emendationis
1102 2578 1325 2664 transigantur.
1354 2607 1380 2645 so

182 2687 344 2751 moechiae
374 2704 449 2749 uero
481 2688 512 2749 et
541 2685 755 2749 fornicationis
785 2703 848 2748 non
879 2685 1041 2765 drachma,
1077 2684 1132 2749 sed
1161 2685 1327 2765 talentum,

106 2811 109 2817 ·
181 2789 295 2872 quibus
326 2789 521 2872 exquirendis
551 2806 613 2853 non
636 2790 783 2854 lucernae
808 2789 926 2872 spiculo
952 2789 1113 2872 [lumine],
1145 2790 1199 2853 sed
1230 2790 1326 2853 totius

182 2895 257 2959 solis
279 2896 391 2958 lancea
413 2912 491 2976 opus
515 2897 572 2958 est.
612 2894 706 2957 simul
729 2894 883 2976 apparuit,
907 2894 1014 2957 statim
1034 2894 1127 2958 homo
1143 2894 1180 2957 de
1197 2894 1328 2958 ecclesia

181 2999 347 3080 expellitur
369 3017 427 3063 nec
449 2999 514 3063 illic
537 3002 645 3062 manet
667 3016 725 3062 neo
747 2998 898 3081 gaudium
920 2998 1041 3063 confert
1055 2998 1214 3080 repertrici
1230 2998 1327 3061 cocle·

183 3103 259 3182 siae,
290 3103 345 3166 sed
367 3103 489 3166 luctum
512 3120 570 3165 neo
593 3102 897 3185 congratulationem
921 3102 1052 3166 aduocat
1074 3102 1248 3166 uicinorum
1272 3104 1326 3166 sed
1353 3128 1379 3168 aa

181 3206 451 3271 contristationem
484 3206 696 3287 proximarum
730 3206 975 3270 fraternitatum.
1018 3207 1188 3273 commissa
1220 3207 1327 3289 itaque

182 3311 278 3375 etiarn
312 3311 371 3374 hac
405 3313 513 3374 nostra
546 3330 619 3374 oum
649 3311 774 3375 illorum
803 3311 1059 3394 interpretatione
1094 3330 1129 3375 eo
1165 3312 1264 3395 magis
1294 3312 1327 3374 in

184 3415 346 3479 ethnicum
369 3414 557 3497 spectabunt
587 3418 619 3479 et
640 3415 708 3479 ouis
732 3418 764 3479 et
787 3415 954 3479 drachmae
982 3418 1178 3499 argumenta,
1210 3419 1326 3498 quanto

181 3538 240 3583 nec
269 3520 303 3583 in
333 3520 399 3583 eius
429 3520 535 3583 delicti
568 3519 782 3584 Christianum
814 3522 991 3601 competere
1021 3523 1167 3603 possunt,
1201 3524 1326 3603 propter

182 3623 264 3706 quod
287 3624 320 3687 in
343 3622 557 3688 Christianum
580 3624 617 3687 de
641 3624 764 3688 diuersa
789 3628 878 3705 parte
902 3627 1064 3707 coguntur.
1353 3649 1380 3689 ao

285 3743 314 3812 8]
334 3742 377 3796 En.
391 3745 433 3807 34,
447 3745 463 3797 2
477 3758 533 3811 sqq.

225 3846 454 3915 ldedignatione
468 3847 532 3901 Gal:
550 3847 582 3900 de
600 3846 793 3915 dignationeB
847 3850 935 3902 anon
953 3849 1052 3917 poterit
1071 3848 1161 3919 siliip
1213 3848 1277 3902 foris
1290 3852 1326 3917 B,

180 3934 251 3988 forte
269 3935 342 4003 Bmp
395 3935 547 3989 3reuocari
563 3936 627 4003 foed.
681 3934 747 3990 aab
761 3935 878 3989 admisso
891 3937 954 4004 fort.
1010 3940 1042 3991 10
1055 3936 1250 3990 comminutum
1265 3937 1327 3991 Gcl:

180 4021 379 4075 communitum
396 4022 424 4076 B
489 4024 521 4076 12
539 4022 619 4089 periit
633 4023 696 4077 Gel:
713 4022 783 4090 perit
801 4024 829 4076 B
895 4025 927 4077 14
945 4040 999 4093 sqq,
1019 4023 1128 4075 comedi.
1148 4039 1326 4091 neque-re-

179 4108 345 4175 linquantur.
366 4122 427 4171 nen,
446 4110 519 4161 ut-
530 4111 706 4172 resumantur,
729 4108 803 4161 iuxta
820 4111 904 4179 uulgo
958 4112 1070 4173 Ionon,
1090 4109 1132 4178 ut]
1151 4112 1253 4163 utnon
1270 4111 1326 4181 Ro'p

180 4197 214 4250 22
233 4193 328 4263 spiculi
351 4196 402 4249 Uro
466 4194 568 4248 lumine
590 4197 641 4250 del.
660 4196 717 4250 Lot
738 4202 764 4250 ct
783 4197 856 4264 Sodi,
879 4196 989 4249 luminis
1007 4198 1064 4251 lua
1128 4199 1162 4252 23
1180 4196 1242 4249 solis
1261 4198 1324 4252 add.

183 4282 233 4335 Gel
294 4283 328 4335 24
350 4281 488 4349 repertrici
513 4283 577 4337 Gcl:
599 4282 708 4350 reperiri
731 4274 805 4337 eiB
870 4286 903 4338 25
928 4283 1040 4336 aduocat
1062 4285 1126 4339 Urs:
1149 4282 1281 4337 aduocant
1298 4285 1326 4339 B

180 4370 215 4424 28
232 4367 394 4436 spectabunt
413 4369 477 4424 ceo.-
498 4368 675 4440 erpeotabunt
691 4370 719 4425 B
