3200 5034
258 412 319 475 184
487 412 600 477 Quinti
620 411 757 479 Septimi
776 411 942 464 lllorentis
961 410 1161 463 Tertulliani

297 585 466 651 616111
488 605 610 670 quoque
631 608 762 651 unsrun
782 609 870 651 nunu
892 587 932 651 ad
954 587 987 650 id
1008 587 1159 669 pertinet,
1187 603 1246 668 quo
1270 589 1302 649 et
1325 586 1399 649 fiat

255 692 431 756 noluntas
451 696 529 771 tna,
550 692 582 755 in
604 691 694 755 nobis
715 691 842 755 scilicet.
874 708 948 755 nam
964 692 1042 755 deus
1058 691 1181 773 quando
1197 708 1259 755 non
1274 694 1397 774 regnat,

254 796 290 859 in
319 796 425 860 cuius
454 815 562 860 manu
590 815 651 861 cor
678 797 840 860 omnium
871 815 1000 879 regum
1032 798 1110 860 est?
1166 796 1221 859 sed
1251 794 1398 878 quicquid

255 900 344 965 nobis
366 904 521 983 optamus,
544 902 576 965 in
596 900 686 965 illum
707 904 950 985 auguramuret
971 901 1017 963 illi
1039 901 1227 983 deputamus
1251 899 1333 982 quod
1356 898 1396 962 ab

215 1004 306 1069 sillo
335 1008 543 1087 expectamus.
591 1006 695 1088 itaque
725 1006 751 1069 si
778 1006 818 1069 ad
845 1006 895 1070 dei
921 1006 1117 1069 uoluntatem
1140 1008 1172 1069 et
1194 1005 1233 1068 ad
1255 1007 1398 1067 nostram

255 1110 495 1194 suspensionem
518 1110 654 1194 pertinet
675 1111 765 1193 regni
787 1110 935 1174 dominici
957 1109 1214 1193 repraesentatio,
1243 1109 1397 1191 quomodo

255 1215 383 1296 quidam
398 1234 453 1297 per
470 1218 606 1279 tractum
624 1214 781 1296 quendam
797 1215 830 1277 in
847 1215 971 1279 saeculo
987 1215 1159 1298 postulant,
1176 1233 1248 1277 cnm
1263 1231 1398 1296 regnum

255 1319 318 1400 dei,
352 1319 435 1401 quod
465 1322 500 1383 ut
531 1319 680 1383 adueniat
710 1337 850 1399 oramus,
885 1319 924 1383 ad
951 1319 1254 1384 consummationem
1281 1318 1397 1381 saeculi
1509 1378 1512 1383 .

255 1424 385 1487 tendat?
446 1427 591 1506 optamus
623 1424 775 1488 maturius
806 1442 938 1507 regnare
968 1427 999 1488 et
1030 1442 1092 1488 non
1123 1424 1239 1487 diutius
1269 1423 1396 1487 seruire.

204 1554 230 1593 10
257 1528 381 1591 etiamsi
403 1528 604 1611 praefinitum
626 1530 658 1592 in
682 1528 821 1592 oratione
849 1547 911 1593 non
936 1532 1020 1592 66661
1040 1529 1077 1592 de
1100 1527 1288 1612 postulando
1309 1528 1398 1610 regni

255 1632 407 1713 aduentu,
442 1634 523 1697 ultro
552 1651 622 1697 eam
649 1651 760 1698 uocem
787 1634 1028 1716 protulissemus
1056 1633 1240 1696 festinantes
1269 1631 1308 1696 ad
1332 1632 1398 1714 spei

255 1740 379 1800 nostrae
408 1737 614 1819 complexum.
661 1738 798 1801 clamant
826 1738 864 1801 ad
893 1738 1054 1801 dominum
1081 1734 1506 1821 1111(116Ι,611,11661.1118ν

256 1844 429 1923 martyrum
452 1840 510 1904 sub
536 1841 640 1905 altari:
672 1859 832 1924 quonam
859 1860 975 1923 usque
1003 1860 1074 1906 non
1097 1842 1311 1921 ulcisceris,
1339 1840 1397 1903 do-

255 1946 366 2025 11116,
391 1946 611 2029 sanguinem
634 1949 802 2010 nostrum
826 1947 869 2010 de
891 1946 1030 2010 incolis
1053 1949 1198 2009 terrae?
1237 1963 1313 2010 nam
1335 1945 1397 2008 uti·

203 2076 228 2115 15
255 2068 314 2131 que
334 2050 411 2113 ultio
431 2050 556 2113 illorum
577 2068 595 2113 6
615 2050 732 2113 6666111
751 2049 813 2113 fine
834 2050 987 2133 dirigitur.
1022 2049 1120 2113 immo
1141 2068 1236 2132 quam
1256 2050 1398 2113 celeriter

254 2154 371 2235 ueniat,
396 2154 530 2234 domine,
553 2174 686 2237 rognum
709 2159 809 2236 tuum,
837 2158 947 2219 uotum
971 2154 1230 2236 Christianorum,
1257 2154 1397 2218 confusio

254 2260 433 2339 nationum,
473 2259 620 2323 exultatio
655 2260 857 2344 angelorum,
894 2264 1021 2343 propter
1055 2260 1137 2342 qnod
1171 2258 1396 2338 conflictamur,

253 2364 350 2427 immo
373 2364 477 2446 potius
500 2365 730 2446 propterquod
754 2382 889 2429 oramus

298 2467 327 2531 6.
356 2467 416 2533 Sed
447 2486 542 2550 quam
573 2469 731 2552 eleganter
755 2468 862 2533 diuina
893 2468 1047 2550 sapientia
1076 2468 1217 2532 ordinem
1247 2468 1396 2532 orationis

201 2598 226 2636 ro
254 2573 410 2653 instruxit,
434 2576 470 2636 ut
491 2576 564 2656 post
586 2574 742 2654 caelestia,
771 2574 802 2637 id
826 2576 874 2637 661
895 2576 967 2656 post
989 2573 1038 2636 dei
1061 2590 1186 2652 nomen,
1213 2573 1263 2636 dei
1286 2573 1397 2636 uolun-

253 2680 351 2741 tatem
379 2680 411 2740 et
438 2678 487 2741 dei
514 2696 647 2761 regnum
675 2679 808 2741 terrenis
836 2695 958 2760 quoque
986 2677 1227 2741 necessitatibus
1253 2676 1398 2759 petitioni

253 2782 357 2845 locum
387 2782 518 2846 faceret!
563 2800 637 2845 narn
668 2786 700 2846 et
730 2783 874 2847 edixerat·
896 2782 1054 2846 dominus:
1090 2782 1260 2864 quaerite
1291 2782 1396 2865 prius

253 2905 423 2970 regnum,
452 2890 487 2951 et
514 2890 602 2950 tunc
629 2886 735 2950 nobis
765 2887 880 2951 etiam
902 2888 993 2951 haec
1020 2887 1240 2951 adicientur.
1286 2905 1396 2968 quam·

254 3009 349 3072 quam
372 3013 479 3055 11111
500 3013 645 3055 NOSTRUM
669 3013 889 3061 ouorrnrannn
912 3015 957 3054 11
979 3014 1070 3056 nouus
1093 3014 1191 3055 noum
1214 2991 1397 3074 spiritaliter

200 3119 227 3159 25
253 3097 356 3178 potius
388 3096 617 3180 intellegamus.
680 3095 823 3161 Christus
854 3096 940 3161 enim
969 3097 1060 3179 panis
1091 3099 1197 3159 noster
1227 3099 1287 3175 661,
1323 3095 1397 3176 qma

253 3201 319 3264 uita
339 3200 480 3266 Christus
505 3204 536 3265 et
558 3201 642 3264 uitae
665 3202 764 3283 panis.
812 3219 876 3285 ego
901 3220 994 3282 sum,
1017 3200 1128 3283 inquit,
1151 3200 1258 3282 panis
1282 3200 1395 3280 uitae,

255 3308 286 3369 et
308 3306 400 3388 paulo
424 3324 531 3388 supra:
560 3305 667 3388 panis
691 3309 748 3370 661
771 3324 891 3370 sermo
914 3306 972 3369 dei
994 3306 1087 3385 uiui,
1115 3304 1178 3385 qui
1201 3304 1396 3370 descendit

358 3581 570 3650 61111611.
621 3582 665 3651 16]
679 3580 760 3651 apoc.
771 3585 795 3646 o,
808 3584 847 3637 ro.
896 3582 1138 3651 6616111666.
1191 3581 1236 3650 ao]
1250 3580 1306 3635 1011.
1318 3583 1395 3647 665.

298 3845 310 3897 1
331 3858 382 3911 quo
401 3846 428 3896 et
443 3843 614 3912 Leopoldus:
632 3842 703 3911 quod
721 3845 748 3896 61
765 3845 829 3912 AB,
848 3844 920 3911 quod
938 3846 979 3897 est
991 3845 1125 3900 Scmlerus
1179 3848 1193 3899 7
1212 3862 1260 3913 per
1278 3846 1396 3899 tractum

254 3932 333 3987 Soet:
354 3932 518 3999 pertractum
541 3931 577 3999 B,
601 3932 766 3999 protractum
792 3932 820 3985 A
896 3931 924 3984 in
951 3950 1001 3988 om.
1025 3933 1053 3985 A
1130 3934 1162 3987 10
1189 3932 1345 4000 prefinitum
1368 3933 1395 3986 A

254 4020 283 4072 11
309 4034 367 4070 eam
390 4018 495 4086 nocem]
520 4034 580 4070 eum
602 4019 664 4069 uoto
688 4018 746 4072 Lot
816 4018 1020 4086 protulissemus
1044 4020 1113 4089 Rip:
1133 4019 1335 4087 postulissemus
1358 4021 1394 4087 A,

252 4104 460 4173 postulassemus
480 4107 515 4172 B,
533 4106 597 4173 Lot,
615 4106 676 4173 post
694 4104 849 4158 tulissemus
869 4106 933 4160 Sccl
988 4108 1021 4160 12
1040 4106 1141 4159 domini
1157 4107 1301 4162 Henetiam
1353 4106 1394 4158 in-

252 4191 326 4244 uidia
338 4193 401 4261 AB,
420 4192 449 4245 in
467 4192 528 4245 uisu
544 4193 601 4259 cer,
620 4193 651 4245 ut
662 4191 734 4246 uidit
746 4191 878 4245 Iohannes
890 4194 963 4261 sort,
981 4192 1081 4246 iudicia
1093 4194 1237 4249 Hartclius
1291 4196 1323 4248 15
1336 4209 1394 4247 cae-

252 4277 343 4331 leriter
365 4281 392 4333 A
469 4282 501 4334 19
524 4279 654 4348 eliganter
676 4281 703 4333 A
778 4281 812 4334 22
836 4282 863 4333 61
885 4279 1002 4333 edixerat
1027 4282 1091 4336 cer.-
1119 4282 1146 4333 et
1167 4280 1191 4333 ei
1214 4281 1317 4335 dixerat
1338 4282 1395 4335 AB

252 4366 286 4418 23
304 4382 418 4433 regnum
437 4366 478 4419 dei
496 4384 516 4421 1
568 4369 601 4421 26
619 4368 690 4420 uitae
709 4367 786 4436 panis
807 4368 954 4423 nemone.-
972 4369 1029 4421 uita
1046 4368 1125 4437 panis
1144 4369 1198 4423 AB
