3200 5034
303 443 366 507 246
531 440 644 507 Quinti
664 441 802 510 Septimi
821 440 987 493 Florentia
1006 438 1209 493 Tertulliani

302 618 410 697 itum,
440 617 555 699 inquit,
585 616 723 697 carnis,
751 634 814 680 uon
836 617 868 680 in
892 615 1080 695 cruciatum,
1107 614 1208 696 ipsam
1232 612 1438 677 substantiam

302 723 470 802 domnam,
501 741 557 805 per
587 740 682 803 quarn
709 721 877 800 exciderat,
908 737 988 801 quae
1011 718 1120 783 exinde
1143 719 1206 781 iam
1229 717 1364 800 perierat
1383 714 1438 778 ba-

301 826 450 908 ptismate
473 825 599 906 amisso,
623 828 663 890 ut
684 825 858 907 spirituS,
882 823 992 906 inquit,
1017 824 1144 887 saluus
1169 821 1279 887 sitin
1303 822 1360 884 die
1381 821 1438 883 do-

301 930 403 994 mini.
448 934 480 995 et
509 930 547 994 de
577 930 636 993 hoc
664 928 750 993 enim
772 931 954 1011 quaeratur,
986 928 1013 992 si
1036 927 1161 1011 spiritus
1185 926 1321 991 hominis
1343 925 1437 1008 ipsius

263 1064 275 1100 ⁵
302 1035 409 1098 saluus
440 1034 507 1098 erit.
555 1053 628 1117 ergo
658 1035 765 1098 saluus
796 1033 855 1097 erit
885 1033 1013 1116 spiritus
1040 1034 1129 1096 tanto
1153 1032 1270 1095 scelere
1292 1030 1437 1112 pollutus,

301 1141 426 1221 propter
447 1138 506 1203 hoc
528 1138 649 1221 perdita
671 1156 775 1201 carne.
810 1137 917 1201 saluus
941 1137 982 1200 sit
1004 1136 1037 1201 in
1058 1138 1180 1218 poena?
1215 1151 1288 1217 ergo
1308 1151 1437 1217 poenam

301 1243 369 1307 sine
391 1261 484 1306 carne
507 1241 648 1306 censebit
669 1242 825 1306 contraria
847 1241 1084 1324 interpretatio?
1123 1238 1167 1303 sic
1181 1238 1437 1303 resurrectionem

301 1346 404 1411 camis
439 1347 623 1410 amittimus.
677 1348 822 1428 superest
851 1346 948 1428 igitur
978 1348 1013 1409 ut
1043 1364 1115 1407 eum
1145 1343 1290 1426 spiritum
1321 1342 1437 1422 dixerit,

300 1450 408 1531 quiin
431 1450 563 1515 ecclesia
584 1453 740 1530 censetur,
764 1449 889 1513 saluum
912 1450 943 1513 id
967 1453 1015 1513 est
1038 1450 1196 1532 integrum
1217 1448 1436 1530 praestandum

250 1583 274 1619 ιο
301 1556 333 1617 in
354 1555 403 1617 die
422 1555 540 1619 domiui
559 1555 598 1620 ab
619 1554 887 1619 immunditiarum
912 1553 1095 1638 contagione
1119 1552 1217 1617 eiecto
1240 1552 1359 1616 incesto
1378 1552 1437 1614 lor·

300 1658 447 1722 nicatore.
492 1658 646 1740 siquidem
671 1658 849 1741 subiungit:
881 1676 951 1721 non
975 1658 1099 1737 scitis,
1130 1656 1226 1739 quod
1256 1656 1437 1720 modicum

300 1763 526 1826 fermentum
556 1766 673 1827 totam
704 1762 870 1846 desipiat
900 1759 1228 1845 consparsionem?
1274 1763 1306 1823 et
1335 1763 1436 1823 tamen

299 1866 461 1930 fornicatio
490 1867 610 1931 incesta
640 1885 702 1931 non
728 1870 795 1931 erat
818 1867 991 1947 modicum,
1022 1866 1077 1930 sed
1099 1867 1217 1949 grande
1239 1866 1435 1930 fermentum.

345 1968 394 2033 14.
418 1969 462 2034 Et
490 1970 539 2035 his
565 1971 671 2052 itaque
695 1971 860 2051 discussis,
894 1989 973 2053 quac
996 1972 1252 2050 intercesserant,
1284 1970 1437 2053 regredior

249 2101 274 2139 15
300 2075 339 2138 ad
369 2074 537 2138 secundam
566 2073 814 2155 Corinthiorum,
844 2079 880 2139 ut
908 2074 1038 2159 probem
1066 2075 1143 2139 illud
1166 2093 1288 2156 quoque
1311 2074 1438 2156 apostoli

300 2179 433 2242 dictum:
458 2179 632 2243 sufficiat
653 2179 836 2244 eiusmodi
856 2179 999 2244 homini
1020 2179 1231 2261 increpatio
1254 2180 1329 2243 ista
1349 2197 1437 2260 quae

300 2301 319 2346 a
341 2282 487 2364 multis,
517 2299 580 2347 non
602 2283 634 2346 in
657 2283 853 2347 fornicatoris
882 2302 1049 2366 personam
1081 2283 1257 2347 conuenire.
1305 2283 1331 2347 si
1358 2282 1436 2346 enim

300 2385 475 2450 dedendum
505 2390 634 2451 satanae
665 2386 925 2470 pronuntiauerat
946 2389 979 2452 in
1002 2388 1161 2453 interitum
1185 2388 1304 2467 carnis,
1335 2386 1437 2468 utique

269 2520 272 2525 ·
300 2492 505 2554 damnauerat
535 2509 607 2554 eum
638 2492 738 2574 magis
768 2510 864 2573 quam
891 2493 1117 2575 increpauerat.
1163 2491 1242 2555 alius
1267 2509 1340 2575 ergo
1363 2493 1436 2571 erat,

248 2621 275 2660 ro
300 2595 351 2658 cui
372 2595 473 2659 uoluit
495 2595 638 2658 sufficere
660 2595 920 2677 increpationem
945 2594 1097 2677 siquidem
1120 2595 1289 2660 fornicator
1312 2613 1373 2659 nou
1391 2594 1436 2658 iu-

300 2699 509 2782 crepationem
544 2699 582 2763 de
615 2699 771 2763 sententia
805 2698 871 2763 eius
904 2700 1073 2779 retulerat,
1108 2700 1162 2763 sed
1196 2699 1435 2763 damnationem.

300 2822 374 2867 uam
398 2806 430 2866 et
451 2804 510 2867 hoc
531 2803 635 2885 ipsum
659 2802 882 2886 dispiciendum
907 2803 965 2868 tibi
988 2802 1092 2884 offero,
1120 2822 1159 2867 au
1182 2803 1300 2867 fuerint
1322 2803 1354 2867 in
1376 2802 1436 2883 epi·

300 2908 382 2971 stola
411 2906 513 2989 prima
548 2909 578 2970 et
613 2908 663 2971 alii
698 2909 751 2989 qui
784 2909 961 2991 apostolum
996 2908 1250 2972 contristaueriut
1283 2906 1436 2971 incondite

300 3014 429 3093 agentes
460 3013 492 3073 et
522 3011 699 3076 contristati
731 3012 795 3076 sint
829 3012 868 3076 ab
904 3012 956 3077 illo
990 3013 1234 3095 increpationem
1268 3013 1434 3076 relerentes

248 3134 273 3177 rs
299 3114 386 3177 iuxta
409 3132 538 3178 sensum
561 3115 710 3196 epistolae
733 3117 898 3196 secundae,
926 3136 961 3179 ex
984 3115 1096 3198 quibus
1119 3118 1151 3180 in
1176 3135 1212 3181 ea
1234 3117 1361 3181 ueniam
1383 3115 1435 3179 ali·

299 3218 368 3299 quis
391 3219 528 3301 potuerit
550 3219 687 3301 adipisci.
722 3220 1010 3285 animaduertamus
1034 3224 1140 3285 autem
1160 3224 1259 3284 totam
1276 3220 1435 3304 epistolam

299 3323 444 3403 primam,
467 3325 503 3385 ut
524 3323 568 3386 ita
591 3323 731 3404 dixerim,
754 3342 817 3389 non
840 3327 1024 3405 atramento,
1049 3325 1103 3389 sed
1126 3325 1198 3389 felle
1218 3325 1433 3407 conscriptam,

300 3429 476 3490 tumentem
498 3426 715 3510 indignantem
738 3428 960 3512 dedignantem
983 3427 1228 3493 comminantem
1251 3430 1433 3493 inuidiosam

300 3534 332 3593 et
354 3550 410 3614 per
433 3531 572 3614 singulas
596 3550 705 3596 causas
728 3531 762 3596 in
785 3533 936 3614 quosdam
956 3534 1045 3616 quasi
1060 3534 1221 3617 mancipes
1237 3552 1346 3597 earum
1361 3534 1434 3616 figu-

247 3660 274 3699 ω
298 3637 411 3699 ratam.
458 3636 503 3699 sic
534 3636 615 3699 enim
641 3640 807 3719 exegerant
829 3638 998 3701 schismata
1021 3642 1053 3702 et
1075 3638 1301 3703 aemulationes
1325 3642 1356 3701 et
1377 3636 1434 3700 dis·

405 3841 449 3909 11]
470 3845 483 3897 1
504 3840 562 3896 cor.
577 3845 600 3906 s,
614 3845 637 3896 o.
693 3842 737 3911 ro]
756 3845 772 3897 a
791 3841 850 3897 cor.
864 3846 888 3908 a,
902 3847 925 3896 e.

343 4037 360 4087 6
377 4034 409 4084 ut
427 4032 517 4085 saluus
537 4034 587 4088 Get
640 4036 657 4089 6
673 4051 712 4103 sq,
731 4035 952 4105 interrogationis
970 4037 1051 4105 sipoto
1065 4039 1148 4105 posui
1201 4039 1216 4090 7
1236 4037 1274 4091 sic
1290 4040 1355 4095 Urs:
1372 4038 1393 4091 si
1409 4038 1432 4092 Β

299 4123 316 4174 8
334 4136 395 4172 eum
416 4119 479 4174 der.-
496 4136 557 4173 eum
575 4120 603 4175 Β
657 4124 690 4177 12
709 4120 920 4191 desipiatPam:
938 4121 1091 4191 decipiatB
1144 4125 1356 4193 conspersionem
1369 4127 1432 4179 Pam

300 4209 332 4260 17
355 4222 495 4275 personam
522 4208 584 4263 Get:
606 4224 718 4276 persona
739 4209 766 4263 Β
836 4211 871 4263 22
889 4208 1083 4277 dispiciendum
1104 4212 1166 4265 Get:
1189 4210 1388 4280 despiciendum
1410 4212 1433 4265 Β

300 4296 334 4348 23
353 4296 380 4346 et
397 4295 460 4347 add.
483 4294 533 4348 Get
585 4296 619 4349 24
637 4295 692 4347 sint
712 4295 774 4349 Gal:
792 4298 856 4347 sunt
873 4297 901 4350 Β
953 4298 987 4351 26
1006 4296 1250 4350 animaduertamus
1272 4300 1336 4354 aer.-
1355 4298 1432 4352 anim·

300 4378 438 4433 aduertam
456 4380 483 4433 Β
536 4382 569 4435 27
589 4378 649 4433 felle
670 4380 734 4435 cer.-
751 4379 816 4435 folle
834 4382 862 4436 Β
