3200 5034
282 478 346 544 228
511 478 625 544 Quinti
644 479 785 549 Septimi
803 478 971 535 Florentia
989 480 1194 535 Tertulliani

281 654 368 719 cidae
391 657 632 737 antecessorem,
662 656 825 739 utriusque
856 648 1032 741 collegam?
1069 673 1220 740 personae
1253 654 1420 736 acceptatio

282 762 343 823 est:
366 758 608 824 miserabiliores
630 760 840 843 paenitentias
864 761 1029 842 reliquisti.

324 861 354 928 6.
384 864 497 945 Plane,
527 864 555 928 si
584 865 748 946 ostendas,
781 864 819 929 de
850 865 963 947 quibus
993 865 1174 948 patrociniis
1209 863 1419 947 exemplorum

279 971 580 1052 praeceptorumque
603 970 787 1034 caelestium
810 970 868 1034 soli
891 969 1052 1034 moechiae
1076 973 1108 1033 et
1126 970 1158 1033 in
1175 987 1211 1033 ea
1227 968 1419 1033 fornicationi

242 1101 254 1139 s
282 1090 404 1156 quoque
435 1074 561 1137 ianuam
591 1074 800 1157 paenitentiae
833 1073 1000 1157 expandas,
1032 1074 1071 1138 ad
1100 1074 1181 1138 hanc
1211 1074 1275 1137 iarn
1305 1073 1418 1137 lineam

280 1176 442 1241 dimicabit
472 1181 579 1243 nostra
608 1178 795 1263 congressio.
834 1178 1046 1262 praescribam
1074 1181 1181 1242 tamen
1207 1175 1266 1242 tibi
1287 1177 1418 1241 formam

279 1300 407 1346 necesse
431 1285 490 1362 est,
513 1302 552 1347 ne
575 1283 615 1347 ad
637 1286 746 1348 uetera
768 1302 900 1347 manum
924 1283 1062 1363 emittas,
1093 1302 1132 1346 ne
1158 1284 1191 1348 in
1214 1286 1302 1366 terga
1324 1282 1418 1364 respi-

279 1387 353 1451 cias.
392 1391 502 1451 uetera
530 1388 615 1451 enim
644 1388 839 1453 transierunt
869 1387 1043 1452 seeundum
1071 1387 1209 1467 11661666,
1245 1390 1276 1450 61
1306 1388 1418 1450 666616

279 1495 328 1556 661
357 1492 422 1556 iam
451 1492 577 1557 nouatio
601 1492 774 1557 secundum
796 1493 1003 1573 Hieremiam,
1036 1495 1066 1556 et
1096 1491 1185 1556 obliti
1214 1491 1418 1574 posteriorum

227 1625 252 1663 10
278 1597 312 1661 in
334 1597 437 1680 priora
459 1597 645 1680 porrigimur
668 1599 841 1662 secundum
864 1597 1051 1680 apostolum,
1075 1597 1177 1660 61166
1200 1599 1232 1660 61
1251 1595 1416 1679 prophetae

278 1720 377 1783 usque
401 1701 440 1765 ad
455 1701 629 1765 Iohannem
654 1702 827 1767 secundum
850 1702 1020 1766 dominum.
1060 1720 1134 1765 uam
1158 1705 1189 1765 et
1212 1701 1239 1765 si
1262 1719 1334 1763 cunr
1354 1717 1418 1763 ma·

278 1806 360 1870 rime
383 1823 402 1870 a
423 1806 494 1889 lege
516 1806 677 1889 coepimus
701 1806 945 1871 demonstrando
969 1806 1155 1891 moechiam,
1187 1805 1298 1870 merito
1323 1804 1361 1869 ab
1384 1822 1417 1868 eo

278 1914 362 1975 61616
384 1911 473 1995 legis,
496 1929 591 1993 quem
614 1910 759 1976 Christus
782 1928 845 1975 nou
868 1910 1021 1992 dissoluit,
1053 1911 1108 1976 sed
1134 1909 1288 1993 impleuit.
1327 1927 1417 1974 onera

279 2015 364 2080 enim
393 2015 472 2099 legis
503 2033 603 2098 usque
634 2016 673 2080 ad
695 2015 880 2097 Iohannem,
911 2034 973 2081 uon
1003 2016 1151 2080 remedia.
1191 2033 1321 2097 operum
1347 2014 1417 2098 iuga

228 2146 252 2185 6
277 2120 393 2185 6616616
415 2122 500 2201 6661,
531 2138 594 2185 666
617 2120 864 2204 disciplinarum.
902 2121 1032 2185 libertas
1054 2122 1086 2185 in
1110 2120 1233 2185 Christo
1257 2138 1319 2185 non
1346 2119 1417 2183 fecit

277 2225 473 2289 innocentiae
495 2225 651 2290 iniuriam.
690 2229 797 2290 manet
820 2227 869 2290 lex
892 2228 959 2290 1616
973 2225 1099 2307 61616116
1116 2224 1293 2289 sanctitatis
1309 2224 1417 2288 hnma-

277 2329 385 2393 nitatis
415 2328 557 2393 ueritatis
587 2329 740 2393 castitiis
767 2329 904 2393 16611166
928 2328 1160 2393 misericordiae
1183 2328 1416 2393 beneuolentiae

171 2469 175 2475 ·
276 2432 453 2517 pudicitiae.
493 2432 524 2496 16
554 2451 617 2514 qua
646 2433 715 2518 lege
746 2433 880 2498 beatus
911 2434 969 2497 616
998 2434 1059 2516 661
1091 2432 1338 2497 meditabitur·
1361 2433 1416 2496 die

277 2556 318 2602 ac
340 2541 458 2603 nocte.
497 2536 534 2601 de
557 2555 621 2619 qua
642 2538 726 2603 idem
749 2539 852 2602 Dauid
874 2556 997 2603 rursus:
1025 2538 1083 2601 lex
1115 2538 1254 2602 domini
1280 2537 1418 2601 inuitu-

224 2670 251 2709 so
276 2642 476 2727 parabilis,
511 2644 736 2706 conuertens
771 2643 930 2717 animas;
968 2643 1051 2707 iura
1088 2641 1229 2706 domini
1263 2642 1416 2721 directa,

276 2746 512 2811 oblectantia
541 2746 666 2822 corda3
697 2749 938 2830 praeceptum
970 2747 1110 2811 domini
1140 2747 1252 2830 longe
1274 2747 1416 2826 lucens,

276 2851 508 2914 inluminans
531 2850 669 2914 oculos.
708 2851 753 2915 sic
776 2854 808 2915 61
830 2851 1003 2934 apostolus:
1035 2851 1162 2933 itaque
1189 2851 1247 2914 lex
1270 2851 1416 2932 quidem

277 2958 408 3019 sancta
431 2958 501 3035 est,
533 2958 569 3019 61
591 2958 834 3038 praeceptum
857 2958 1029 3019 sanctum
1058 2959 1093 3020 61
1124 2955 1319 3038 optimum;
1349 2954 1416 3019 uti-

278 3078 360 3141 quc:
391 3076 462 3123 non
489 3058 759 3125 moechaberis.
798 3059 853 3123 sed
883 3062 914 3123 61
945 3078 1052 3142 supra:
1084 3060 1205 3144 legem
1228 3076 1313 3143 ergo
1337 3076 1415 3122 ena·

223 3189 251 3229 aa
277 3180 429 3227 cuamus
451 3182 516 3246 per
538 3162 673 3227 fidem?
712 3163 828 3244 absit,
860 3163 923 3227 661
945 3164 1067 3247 legem
1090 3164 1278 3244 61611666,
1302 3163 1415 3227 scilieet

276 3267 308 3331 in
331 3267 380 3331 his
403 3285 482 3349 quae
506 3270 537 3332 et
560 3286 643 3332 nunc
671 3286 752 3333 nouo
782 3270 974 3332 testamento
1002 3267 1168 3332 interdicta
1192 3268 1415 3332 6116666666-

275 3372 385 3436 latiore
407 3375 572 3455 praecepto
598 3372 812 3454 prohibentur.
851 3389 907 3454 666
931 3374 1012 3436 ‘non
1036 3371 1316 3453 moechaberis,
1347 3372 1414 3454 ‘qui

276 3475 414 3540 uiderit
426 3476 469 3539 61
485 3476 844 3558 concupiscentiam,
860 3478 933 3540 iam
948 3477 1166 3541 moechatus
1184 3479 1241 3556 661
1255 3477 1296 3541 in·
1308 3476 1413 3540 corde

275 3583 361 3661 666,
386 3584 495 3664 61666
519 3581 601 3645 ‘non
624 3581 783 3645 occides’
808 3581 881 3662 ‘qui
905 3581 1044 3646 dixerit
1062 3581 1173 3646 fratri
1193 3599 1258 3645 suo
1278 3581 1413 3661 Racha,

155 3774 157 3777 Ι
223 3711 249 3751 eo
274 3703 360 3749 6666
378 3684 450 3749 6611
471 3685 685 3769 gehennae'.
717 3704 842 3768 quaere,
859 3685 1126 3750 6666166611166
1142 3703 1205 3750 666
1221 3685 1413 3766 moechandi,

276 3790 325 3853 cui
345 3788 479 3853 accessit
494 3807 552 3853 neo
568 3790 817 3873 concupiscendi.
842 3793 980 3855 ceterum
997 3790 1024 3853 si
1041 3808 1103 3872 qua
1117 3788 1205 3853 uobis
1221 3790 1363 3873 exempla
1383 3790 1413 3853 16

378 3987 407 4056 8]
426 3986 671 4056 6166461666.
730 3987 974 4058 6611116614.
1034 3988 1078 4057 10]
1097 3987 1261 4053 Ρ1611.3,13.
1319 3986 1412 4057 11]61.

274 4073 408 4139 11611169,
423 4076 462 4129 13.
527 4075 571 4144 18]
590 4074 633 4129 Ρ6.
649 4078 672 4139 1,
685 4076 709 4130 2.
768 4076 814 4145 19]
831 4074 897 4130 ibid.
913 4077 1052 4143 19‚8sqq.
1105 4075 1151 4145 22]
1170 4076 1332 4142 11616712
1349 4077 1412 4129 617.

274 4161 320 4231 24]
338 4161 415 4215 Rom.
428 4163 453 4226 3,
465 4163 507 4217 31.
561 4162 608 4232 27]
626 4162 722 4216 Matth.
736 4166 760 4227 5,
772 4165 806 4218 27
825 4166 852 4217 61
870 4164 912 4218 22.

316 4347 605 4413 46666666166666666
621 4344 651 4415 0,
668 4347 869 4414 praeceptorum
882 4348 909 4401 B
963 4344 1168 4414 5666166161
1220 4347 1254 4401 20
1267 4344 1369 4400 animas
1382 4342 1410 4412 0,

273 4431 430 4486 animamB
483 4434 516 4488 21
536 4431 617 4485 66616
630 4434 693 4488 Gal:
710 4432 829 4488 cordeB
881 4436 915 4489 27
933 4432 1109 4502 prohihentur
1123 4434 1187 4489 coz.-
1203 4432 1410 4501 prohibemurB
