3200 5034
579 386 616 440 H.
635 387 680 440 Dc
699 385 896 440 idololatria
913 388 1006 443 8-10.
1191 455 1200 468 ι
1320 388 1362 451 39

221 563 370 646 tellegere
394 563 553 626 debemus.
591 562 697 644 itaque
722 563 822 644 magis
845 565 1058 645 praeceptum,
1081 565 1118 626 ut
1140 563 1250 626 exinde
1274 563 1365 626 aliter

219 667 411 760 incederent.
450 666 494 730 sic
510 668 542 730 et
564 666 624 729 alia
647 666 701 730 illa
717 665 835 748 species
860 666 992 748 magiae,
1016 683 1095 747 quae
1119 666 1276 729 miraculis
1293 685 1365 748 ope·

220 759 318 851 ratur,
347 771 442 834 etiam
473 771 623 834 aduersus
654 769 787 852 Moysen
819 770 978 834 aemulata
1007 770 1162 852 patientia
1192 770 1241 833 dei
1271 771 1366 834 traxit

221 875 261 938 ad
284 875 483 957 euangelium
509 893 618 955 usque.
665 892 739 938 nam
768 874 877 938 exinde
905 876 937 937 et
959 872 1067 938 Simon
1094 874 1210 957 Magus
1237 874 1364 938 iamiam

220 977 331 1058 fidelis,
359 979 507 1060 quoniam
535 979 652 1060 aliquid
675 978 776 1042 adhuc
804 978 841 1041 de
870 978 1067 1042 circulatoria
1094 981 1181 1042 secta
1203 979 1363 1061 cogitaret,
1390 996 1403 1035 s

219 1085 256 1146 ut
286 1083 405 1146 scilicet
438 1083 520 1147 inter
554 1083 707 1146 miracula
739 1082 943 1165 professionis
979 1100 1054 1146 suae
1089 1082 1185 1146 etiam
1219 1083 1365 1164 spiritum

219 1190 365 1250 sanctum
387 1206 442 1270 per
465 1205 617 1250 manuum
639 1188 861 1269 inpositionem
882 1187 1098 1267 enundinaret,
1121 1186 1308 1250 maledictus
1323 1185 1363 1250 ab

218 1293 368 1373 apostolis
386 1292 423 1355 de
439 1291 500 1355 fide
517 1293 634 1355 eiectus
651 1295 715 1355 est:
740 1292 819 1355 alter
835 1309 957 1375 magns,
974 1292 1115 1373 quicum
1132 1290 1239 1373 Sergio
1254 1291 1363 1372 Paulo,

219 1396 368 1477 quoniam
384 1396 483 1460 isdem
500 1396 727 1460 aduersabatur
743 1397 903 1478 apostolis,
923 1397 1081 1459 luminum
1097 1395 1266 1459 amissione
1282 1396 1364 1458 mul-

218 1502 304 1563 tatus
321 1502 377 1564 est.
410 1500 468 1564 hoc
493 1502 523 1563 et
545 1500 693 1583 astrologi
708 1500 898 1580 retulissent,
922 1500 1022 1580 credo,
1046 1500 1073 1562 si
1090 1499 1143 1581 qui
1158 1499 1191 1562 in
1206 1499 1373 1581 apostolos>
1391 1517 1416 1555 10

217 1604 387 1668 incidisset.
421 1608 562 1668 attamen
579 1623 650 1667 cum
667 1605 772 1688 magia
786 1605 925 1685 punitur,
949 1605 1036 1667 cuius
1060 1602 1112 1667 est¹
1129 1604 1248 1685 species
1265 1607 1364 1668 astro-

217 1708 313 1790 logia,
341 1708 447 1790 ntique
471 1711 502 1772 et
525 1708 643 1789 speeies
666 1709 699 1771 in
722 1727 837 1792 genere
862 1708 1037 1771 damnatur.
1069 1710 1142 1790 post
1165 1707 1363 1790 euangehum

108 1815 206 1871 f.111v
219 1829 377 1892 nusquam
393 1812 534 1875 inuenias
556 1815 560 1894 l
581 1815 636 1875 aut
652 1813 808 1894 sophistas
825 1815 881 1876 ant
893 1811 1065 1876 Chaldaeos
1087 1805 1141 1874 ant
1153 1812 1363 1875 incantatores

217 1918 273 1978 ant
289 1916 477 1980 coniectores
494 1918 550 1980 aut
565 1934 684 2000 magos,
702 1916 763 1979 nisi
778 1917 872 1998 plane
884 1916 1019 1998 punitos.
1044 1915 1106 1979 ubi
1122 1915 1283 1998 sapiens,
1299 1914 1363 1979 ubi

217 2019 426 2100 litterator,
442 2020 504 2083 ubi
521 2020 754 2101 conquisitor
770 2020 882 2083 huius
899 2020 1003 2083 aeui?
1020 2037 1140 2083 nonne
1157 2019 1363 2083 infatnauit
1390 2038 1415 2078 15

218 2123 308 2186 deus
329 2124 554 2205 sapientiam
574 2125 684 2187 huius
706 2124 869 2187 saeculi?
900 2124 976 2187 nihil
997 2124 1068 2204 scis,
1089 2123 1321 2200 mathematice,
1337 2124 1364 2186 si

218 2228 379 2292 nesciebas
399 2231 430 2292 te
451 2228 593 2292 futurum
609 2227 832 2293 Christianum.
869 2229 895 2291 si
918 2228 1048 2308 sciebas,
1067 2228 1126 2291 hoc
1146 2246 1266 2309 quoque
1285 2228 1362 2292 scire

218 2331 380 2412 debueras,
397 2332 474 2396 nihil
487 2332 544 2396 tibi
559 2331 699 2396 futurum
712 2351 784 2396 oum
795 2333 858 2397 ista
871 2332 1073 2414 professione.
1097 2333 1167 2414 ipsa
1182 2335 1212 2396 te
1230 2332 1266 2394 de
1281 2332 1363 2413 peri-

217 2437 287 2499 culo
311 2454 366 2500 suo
389 2436 569 2515 instrueret,
594 2455 673 2518 quae
701 2437 832 2501 aliorum
855 2437 1062 2500 climacterica
1084 2437 1253 2518 praecanit.
1291 2455 1362 2500 non
1407 2510 1412 2518 Ι

216 2543 274 2604 111
296 2540 365 2603 tibi
386 2558 473 2622 pars
497 2559 614 2621 neque
635 2559 714 2604 sors
737 2542 774 2604 in
794 2542 1036 2604 istaratione.
1068 2558 1130 2604 non
1145 2544 1249 2622 potest
1264 2559 1362 2624 regna
1389 2560 1414 2598 1ο

216 2645 374 2708 caelorum
397 2662 523 2726 sperare
547 2645 634 2708 cuius
658 2645 773 2728 digitus
798 2648 852 2708 aut
874 2645 979 2709 radius
1001 2644 1139 2709 abutitur
1161 2645 1256 2708 caelo.

262 2745 311 2811 10.
335 2747 553 2829 Quaerendum
584 2751 690 2812 autem
718 2752 766 2812 est
796 2749 890 2812 etiam
919 2749 956 2811 de
985 2749 1220 2832 ludimagistris,
1249 2749 1304 2813 sed
1330 2752 1361 2812 et
1426 2772 1430 2833 q

216 2853 326 2916 ceteris
349 2852 575 2934 professoribus
597 2850 781 2916 litterarum.
817 2854 913 2916 immo
936 2870 999 2916 non
1021 2853 1228 2917 dubitandum
1251 2853 1360 2919 affines
1427 2836 1430 2845 ¹

214 2956 285 3019 illos
313 2975 381 3020 esse
405 2956 607 3020 multimodae
629 2956 829 3020 idololatriae.
867 2957 1004 3037 primum
1027 2957 1139 3037 quibus
1162 2975 1290 3021 necesse
1313 2962 1368 3022 est'

216 3060 290 3124 deos
314 3061 473 3124 nationum
497 3060 685 3142 praedicare,
713 3061 848 3140 nomina,
877 3061 1085 3144 genealogias,
1112 3060 1246 3141 fabulas,
1270 3079 1360 3125 orna·
1386 3080 1412 3120 rs

215 3163 506 3252 mentauhonorifica
522 3182 663 3246 quaeque
680 3183 786 3229 eorum
804 3165 975 3244 enuntiare,
998 3168 1067 3228 tum
1084 3166 1249 3228 sollemnia
1264 3165 1359 3229 festa-

215 3286 276 3349 que
299 3269 469 3332 eorundem
496 3269 672 3349 obseruare,
701 3272 736 3332 ut
762 3268 874 3350 quibus
903 3269 1067 3352 uectigalia
1094 3287 1152 3332 sua
1179 3273 1357 3351 supputent.

215 3372 284 3453 quis
306 3372 522 3455 ludimagister
545 3373 610 3436 sinc
633 3373 740 3436 tabula
760 3373 822 3436 VII
849 3373 1002 3436 idolorum
1026 3373 1229 3454 Quinquatria
1251 3377 1357 3437 tamen

213 3474 444 3556 frequentabit?
468 3477 568 3557 ipsam
591 3477 726 3559 primam
749 3477 822 3540 noui
845 3477 986 3558 discipuli
1009 3478 1121 3559 stipem
1141 3477 1303 3541 Mineruae
1327 3481 1358 3542 et

213 3579 324 3644 honori
345 3583 376 3643 et
396 3581 514 3644 nomini
536 3584 706 3662 consecrat,
729 3584 774 3660 ut,
798 3581 857 3644 etsi
879 3598 941 3644 non
963 3582 1145 3662 profanatus
1170 3582 1261 3645 alicui
1275 3582 1356 3646 idolo
1383 3600 1409 3640 eo

320 3751 363 3820 14]
384 3754 398 3806 1
418 3750 477 3805 Cor.
498 3755 520 3815 1,
533 3754 574 3806 20.
631 3751 674 3820 19]
693 3749 753 3804 Act.
773 3753 796 3814 8,
811 3753 852 3805 21.

256 3891 364 3958 2magi
383 3905 463 3958 aeque
482 3892 509 3945 B
578 3890 775 3959 3patientiam
797 3892 825 3945 B
895 3890 989 3944 liam
1009 3891 1059 3945 Gel
1129 3890 1281 3946 8deiectus
1299 3893 1355 3946 Iam

214 3975 320 4030 etaltcr
334 3977 384 4031 net
433 3980 465 4032 10
478 3976 577 4045 siquid
590 3979 617 4031 B
664 3980 693 4032 11
713 3976 871 4030 incidissent
881 3977 938 4047 Rip
984 3979 1017 4033 13
1036 3976 1180 4032 caldeosA
1226 3981 1354 4033 16111111

212 4063 346 4118 maticoA
359 4065 426 4119 corr.
474 4067 505 4119 17
525 4062 659 4117 nesciebas
673 4064 736 4127 AB,
754 4062 855 4116 sciebas
867 4064 924 4133 atq
969 4067 1001 4119 19
1023 4063 1159 4132 praecanit
1175 4066 1203 4119 B
1252 4066 1286 4120 22
1308 4065 1353 4119 sed

213 4150 331 4204 aetnae
376 4152 402 4202 et
419 4149 451 4202 de
470 4151 563 4203 ceteris
582 4151 638 4204 Lot
682 4153 716 4204 24
735 4166 819 4202 essem
832 4149 928 4203 ultimo
942 4149 1125 4220 deidololatrie
1138 4153 1165 4204 A
1200 4153 1353 4220 2711111111-

212 4237 271 4288 tent
284 4237 446 4292 Macarius:
468 4239 609 4305 suppetent
627 4237 690 4304 AB,
710 4239 854 4305 suppetant
873 4237 923 4292 cet
978 4237 1197 4306 2811111]1111111
1217 4238 1266 4292 Get
1312 4242 1352 4291 ta·

212 4321 276 4376 bula
290 4322 366 4376 .1ἸΙ.
380 4324 443 4394 AB,
462 4321 593 4378 tabularia
613 4323 662 4381 Get
733 4339 786 4380 non
805 4322 975 4394 quinquatria
995 4325 1052 4382 loo
1117 4326 1208 4383 tamen
1225 4341 1279 4382 non
1296 4327 1352 4385 Lot
