3200 5034
549 445 599 498 III.
619 444 666 498 Ad
686 445 838 498 nationes
855 444 937 498 libI
957 447 1031 499 1-3.
1319 444 1358 507 61

216 618 332 706 nalrel:
357 622 421 702 sed,
438 620 527 684 uerbi
543 621 655 704 gratia,
680 621 705 684 si
721 620 759 684 de
775 621 931 684 homicida
946 619 1151 699 consultatur,
1175 636 1238 682 non
1254 619 1362 682 statim

215 724 362 789 confesso
383 722 387 809 Ι
409 743 444 789 00
468 743 582 789 nomen
606 724 781 788 homicidae
805 724 971 807 dispuncta
993 741 1089 787 causa
1111 726 1160 787 est
1180 725 1235 786 aut
1249 723 1363 787 satiata

216 828 366 912 cognitio.
388 830 392 912 Ι
412 847 603 911 quamquam
627 828 777 892 confessis
797 828 924 892 difficile
940 825 1085 913 crediltis,
1108 846 1218 891 uerum
1235 827 1363 910 insuper

216 930 453 1018 consequonltia
483 933 620 1016 exigitis,
654 933 797 1014 quotiens
830 933 958 996 caedem
989 932 1103 1015 egerit,
1137 931 1250 1014 quibus
1280 932 1361 1012 telis,

217 1036 332 1117 quibus
359 1037 392 1100 in
419 1035 531 1122 locist
559 1036 672 1119 quibus
703 1037 810 1119 spoliis
840 1037 931 1100 sociis
960 1035 1183 1118 receptoribus,
1218 1055 1258 1100 ne
1289 1036 1362 1118 quid
1401 1063 1414 1102 1

120 1155 124 1160 ·
217 1142 346 1205 omnino
375 1141 450 1205 mali
476 1141 612 1205 hominis
640 1138 815 1225 deliltescat
842 1144 897 1204 aut
919 1140 1001 1204 desit
1022 1140 1138 1222 aliquid
1161 1140 1362 1204 instruendae

217 1246 259 1308 ad
282 1247 472 1310 sententiam
495 1246 628 1310 ueritati.
674 1263 765 1327 porro
786 1243 790 1330 Ι
811 1246 849 1309 de
871 1245 971 1325 nobis,
1000 1262 1077 1327 quos
1101 1245 1302 1309 atrocioribus
1327 1263 1363 1309 ac

217 1350 361 1432 pluribus
402 1350 583 1415 criminibus
623 1350 794 1433 deputatis,
838 1346 991 1434 breuilora
1030 1367 1066 1414 ac
1103 1350 1222 1414 leuiora
1262 1350 1363 1433 elogia

218 1453 382 1519 conficitis.
436 1455 538 1536 credo,
562 1473 625 1518 non
647 1456 743 1519 uultis
768 1457 923 1535 oneratos,
947 1452 1024 1536 quos
1045 1452 1050 1539 Ι
1070 1455 1156 1519 omni
1179 1473 1270 1538 opere
1292 1473 1363 1537 per-

217 1559 300 1623 ditos
328 1559 436 1640 uultis,
460 1562 599 1623 autnon
622 1559 739 1642 putatis
755 1559 943 1640 requirenda
959 1576 1038 1640 qnae
1054 1556 1172 1643 nosltis.
1217 1560 1276 1623 hoc
1289 1575 1362 1642 ergo
1390 1583 1414 1622 1

217 1663 408 1746 pemersius,
432 1664 458 1727 si
478 1663 590 1747 cogitis
606 1681 721 1746 negare
737 1663 775 1727 dc
791 1662 906 1745 quibus
922 1664 1096 1727 certissime
1112 1664 1207 1728 scitis.
1230 1661 1234 1748 Ι
1254 1663 1361 1744 immo,

218 1785 282 1848 quo
313 1768 413 1850 magis
444 1767 514 1831 odio
541 1771 646 1832 uestro
671 1767 871 1851 competebat
894 1767 1032 1849 seposita
1053 1768 1155 1831 forma
1176 1763 1361 1852 iudicandi}

216 1871 343 1954 proprio
375 1872 477 1935 studio
507 1890 570 1936 non
600 1873 640 1935 ad
671 1873 872 1955 negationem
905 1875 1040 1951 certare,
1074 1891 1114 1935 ne
1145 1889 1222 1954 quos
1253 1872 1362 1936 odistis

216 1972 418 2060 liberalretis,
454 1975 509 2039 sed
542 1976 580 2038 ad
610 1975 841 2040 confessionem
871 1976 1068 2058 singulorum
1098 1976 1266 2055 scelerum,
1301 1993 1362 2057 quo

217 2080 322 2163 magis
352 2080 533 2144 inimicitiae
561 2078 566 2164 l
594 2081 783 2144 satiarentur
808 2083 1047 2164 exaggeratione
1074 2098 1256 2163 poenarum,
1287 2080 1363 2143 dum
1390 2112 1415 2151 15
1484 2146 1487 2151 ,

216 2185 452 2267 recognoscitur
471 2189 547 2266 quot
567 2187 570 2266 Ι
591 2186 724 2267 quisque
743 2185 808 2248 iam
827 2185 973 2248 conuiuia
990 2185 1045 2248 illa
1067 2185 1265 2265 celebrasset,
1288 2203 1364 2267 quo-

168 2355 170 2358 .
217 2288 301 2352 tiens
324 2290 357 2351 in
380 2289 518 2354 tenebris
541 2287 743 2374 incursaslset
765 2290 907 2353 incesta?
948 2290 1044 2371 quid?
1082 2290 1165 2371 quod
1189 2290 1364 2354 eradicandi

217 2393 345 2476 generis
380 2393 583 2458 diffundenda
617 2398 685 2457 erat
717 2391 902 2478 requisiltio,
937 2394 1123 2477 porrigenda
1156 2395 1297 2476 quaestio
1331 2395 1363 2457 in

219 2496 320 2561 socios
351 2497 561 2578 consciosque.
629 2498 873 2580 perducerentur
893 2503 897 2578 1
917 2498 1103 2562 infantariae
1134 2501 1165 2562 et
1195 2498 1274 2579 coci,
1303 2499 1364 2581 ipsi

120 2627 122 2630 >
218 2619 314 2664 canes
337 2601 481 2682 pronubi,
509 2602 675 2666 emendata
698 2621 747 2666 res
771 2606 863 2666 esset.
911 2603 1006 2666 etiam
1027 2600 1031 2687 Ι
1052 2603 1239 2685 spectaculis
1262 2604 1363 2686 gratia
1390 2634 1415 2672 20

138 2757 145 2766 .
177 2725 194 2747 v
218 2706 452 2788 adgregaretur.
510 2711 626 2788 quanto
657 2708 741 2770 enim
772 2706 874 2770 studio
902 2708 935 2770 in
962 2725 1092 2770 caueam
1113 2704 1122 2792 ll
1145 2707 1363 2771 conueniretur

218 2810 437 2894 depugnaturo
460 2811 564 2891 aliquo
588 2812 641 2892 qui
664 2815 791 2875 centum
815 2811 952 2875 infantes
976 2810 1187 2897 deuoraslset?
1225 2813 1252 2876 si
1280 2813 1363 2876 enim

216 2919 287 2980 tarn
310 2916 464 2980 horrenda
486 2920 613 2997 tamque
635 2919 837 2981 monstruosa
859 2917 897 2979 de
920 2916 1010 2981 nobis
1031 2914 1232 3001 defelruntur,
1255 2919 1363 2999 utique

219 3021 286 3083 erni
317 3021 500 3101 debuerunt,
531 3041 571 3084 ne
600 3020 793 3084 incredibilia
824 3021 1005 3084 uiderentur
1036 3025 1068 3085 et
1098 3019 1213 3106 odilam
1243 3022 1276 3085 in
1306 3040 1362 3086 nos

218 3124 382 3207 pubchm
411 3125 636 3208 refrigesceret.
682 3143 756 3189 nam
788 3128 820 3189 ct
848 3125 987 3208 plerique
1010 3124 1105 3189 fidem
1127 3126 1364 3207 111111111011-
1390 3154 1415 3194 11

217 3232 340 3311 perant,
363 3223 552 3294 honorantes
569 3233 724 3310 naturam,
749 3247 828 3310 quae
844 3247 939 3311 quam
955 3248 1103 3311 quaerere
1124 3230 1276 3312 pabulum
1291 3231 1364 3295 feri·

217 3351 296 3396 num
317 3330 321 3417 1
342 3351 437 3414 quam
460 3333 662 3398 concubitum
685 3333 724 3397 ab
748 3335 886 3398 humano
910 3353 1024 3417 genere
1046 3336 1224 3417 praeclusit.

262 3436 293 3500 3.
325 3437 389 3501 Vos
413 3439 518 3521 igitur,
542 3439 619 3502 alias
641 3435 644 3522 1
665 3438 899 3521 diligentissimi
922 3455 958 3501 ac
980 3439 1223 3520 pertinacissimi
1245 3441 1363 3505 discus-

218 3560 304 3606 sores
329 3543 484 3606 scelerum
507 3544 599 3626 longe
622 3543 790 3622 minorum,
812 3539 816 3626 Ι
837 3561 910 3606 cum
932 3542 1049 3607 talibus
1072 3546 1139 3607 tam
1155 3544 1316 3609 horrendis
1333 3549 1364 3609 et

218 3663 346 3710 omnem
377 3647 574 3729 impietatem
605 3647 814 3730 supergressis
851 3665 921 3710 eam
949 3644 953 3731 Ι
981 3647 1177 3731 diligentiam
1213 3649 1362 3713 deseratis
1389 3676 1415 3716 ao

265 3870 467 3925 lconsultatur
489 3873 559 3942 Rip:
582 3871 736 3925 confutatur
759 3872 786 3926 A
856 3876 873 3928 3
895 3887 1057 3940 quamquam
1079 3874 1169 3941 (peius
1192 3890 1219 3927 m
1238 3891 1271 3929 aa
1288 3876 1317 3942 n)
1335 3875 1363 3928 A

219 3957 329 4011 creditis
342 3959 411 4028 Rip:
429 3959 542 4012 credatis
554 3961 581 4013 A
637 3962 668 4014 12
682 3959 753 4027 quod
765 3960 829 4029 Rip,
848 3961 889 4012 aio
906 3959 1012 4028 Caspwr
1023 3962 1166 4027 1101111110,
1183 3964 1282 4028 quanto
1298 3964 1362 4030 fort.

222 4046 254 4100 18
273 4045 377 4112 questio
395 4046 423 4098 A
497 4049 529 4101 19
548 4047 719 4114 consciosque
740 4046 825 4102 Goth:
843 4047 984 4100 consocios.
1005 4062 1071 4114 quae
1089 4048 1117 4100 A
1181 4045 1319 4101 infantarii
1337 4050 1364 4101 et

219 4131 297 4199 coqui
316 4134 344 4184 et
362 4131 414 4200 ipsi
431 4133 487 4202 rap
540 4135 574 4188 22
593 4134 615 4187 si
637 4133 776 4188 chlerue:
794 4132 841 4186 sed
858 4135 885 4189 A
939 4136 974 4188 24
990 4133 1157 4188 incredibilia
1177 4134 1262 4190 Goth.-
1279 4134 1363 4187 incre-

219 4217 293 4271 dihia
311 4219 339 4273 A
392 4221 427 4273 26
445 4219 606 4274 honorantes
625 4221 666 4274 A:
683 4220 821 4274 horrentes
839 4221 895 4290 Rip
948 4237 1114 4289 quaequam
1132 4222 1250 4275 01111111.
1263 4222 1363 4276 Kloss-

219 4323 338 4361 mcaaue
391 4321 499 4374 querere
517 4308 544 4362 A
596 4307 741 4376 27111111]
761 4307 974 4376 quodchlcms
1027 4307 1250 4363 concubitumM.
1264 4310 1363 4364 Klase-

219 4411 353 4448 marmas:
366 4392 509 4447 concubitu
521 4394 557 4461 A,
570 4394 726 4449 concubitus
738 4395 801 4464 Rip,
815 4395 957 4463 concupito
972 4396 1044 4451 Gotb
1102 4398 1135 4451 29
1147 4396 1176 4449 in
1188 4393 1286 4450 talibus
1297 4399 1361 4466 fort.
