3200 5034
287 368 351 432 262
523 367 637 433 Quinti
656 369 793 436 Septimi
814 367 981 421 Florentio
999 365 1201 420 Tertulliani

288 544 340 607 uhi
364 543 402 606 ad
426 544 575 628 angelum
593 543 854 625 Thyatirenorum
879 544 1006 626 spiritus
1031 543 1160 606 mandat
1182 540 1298 606 hahere
1322 560 1355 603 se
1378 540 1430 603 ad-

287 666 396 711 uersus
410 666 491 727 eum,
505 648 587 729 quod
600 651 721 711 teneret
733 648 896 711 mulierem
910 647 1043 726 Iezabel,
1060 664 1153 727 quae
1170 666 1208 709 se
1223 645 1428 728 propheten

287 752 379 815 dicit
401 756 437 815 et
458 752 580 832 docet,
604 755 716 833 atque
739 752 885 815 seducit
908 769 1036 815 seruos
1060 769 1159 815 meos
1182 751 1225 815 ad
1246 750 1430 814 fornican-

287 856 370 919 dum
394 860 431 919 et
453 855 634 920 edendum
666 855 708 918 de
738 855 971 937 idolothytis,
1017 859 1053 919 et
1080 856 1242 939 largitus
1272 873 1350 917 sum
1373 854 1430 917 illi

247 988 260 1025 5
286 960 465 1042 temporis
482 960 661 1043 spatium,
677 962 717 1024 ut
731 960 1007 1042 paenitentiam
1022 959 1151 1039 iniret,
1172 976 1238 1023 nec
1254 959 1336 1022 uult
1351 976 1427 1021 eam

285 1064 378 1128 inire
402 1064 549 1128 nomine
572 1063 847 1127 fornicationis.
873 1082 956 1127 eece
979 1063 1072 1128 dabo
1094 1081 1172 1127 eam
1188 1063 1225 1127 in
1241 1064 1377 1125 lectum
1395 1064 1429 1125 et

286 1168 459 1232 moechos
491 1169 570 1232 eius
601 1187 682 1231 cum
712 1168 794 1251 ipsa
818 1169 853 1232 in
879 1169 1074 1232 maximam
1098 1185 1326 1250 pressuram,
1356 1166 1428 1229 nisi

285 1272 557 1354 paenitentiam
581 1272 730 1355 egerint
748 1290 898 1353 operum
920 1273 1008 1336 eius.
1042 1270 1122 1335 hene
1139 1275 1245 1335 autem
1261 1270 1342 1352 quod
1357 1288 1428 1353 apo-

286 1375 374 1439 stolis
398 1379 430 1439 et
452 1375 525 1439 fidei
549 1380 580 1439 et
603 1376 782 1458 disciplinae
802 1376 919 1460 regulis
936 1378 1090 1440 conuenit.
1126 1376 1206 1439 siue
1230 1376 1326 1438 enim
1349 1392 1426 1457 ego,

235 1510 259 1547 ιο
287 1479 400 1560 inquit,
424 1480 505 1543 siue
528 1480 600 1560 illi,
624 1481 678 1544 sic
700 1481 970 1563 praedicamus.
1004 1480 1100 1544 totius
1122 1481 1228 1561 itaque
1244 1478 1427 1543 sacramenti
1454 1499 1456 1503 ·

286 1583 418 1647 interest
440 1584 518 1647 nihil
542 1584 666 1648 credere
688 1585 727 1648 ab
752 1585 891 1649 Iohanne
915 1604 1099 1649 concessum
1122 1585 1204 1667 quod
1229 1602 1247 1647 a
1269 1584 1364 1647 Paulo
1386 1582 1426 1645 sit

286 1687 486 1771 denegatum.
537 1688 618 1752 hanc
649 1690 870 1771 aequalitatem
903 1690 1030 1772 spiritus
1061 1689 1162 1753 sancti
1195 1689 1249 1769 qui
1283 1687 1425 1751 obserua-

286 1793 380 1873 uerit,
405 1793 444 1857 ab
466 1794 534 1875 ipso
557 1794 727 1858 deducetur
748 1795 781 1857 in
805 1814 915 1859 sensus
941 1798 1015 1859 eius.
1062 1794 1254 1859 haereticam
1279 1793 1360 1857 enim
1381 1793 1424 1856 fe-

285 1898 420 1977 minam,
444 1916 524 1979 quae
547 1898 630 1979 quod
653 1898 802 1962 didicerat
825 1917 843 1962 a
865 1899 1026 1963 Nicolaitis
1050 1899 1158 1964 docere
1182 1900 1372 1979 susceperat,
1393 1896 1423 1959 in

171 2057 173 2061 .
234 2029 257 2069 n
287 2002 451 2066 ecelesiam
474 2003 607 2067 latenter
630 2003 850 2067 introducebat
873 2008 904 2068 et
927 2005 1039 2068 merito
1066 2004 1105 2067 ad
1127 2002 1354 2085 paenitentiam
1375 2020 1423 2063 ur·

285 2106 388 2189 gebat.
424 2107 474 2170 cui
497 2108 581 2171 enim
604 2107 734 2171 dubium
758 2113 807 2173 est
829 2109 1022 2173 haereticum
1045 2109 1241 2172 institutione
1265 2107 1422 2188 deceptum

285 2212 408 2294 cognito
432 2212 633 2293 postmodum
657 2230 731 2276 casu
756 2218 787 2277 et
809 2214 1003 2296 paenitentia
1024 2214 1145 2295 expiato
1167 2216 1198 2277 et
1213 2213 1339 2276 ueniam
1354 2229 1423 2275 con·
1460 2270 1463 2279 .

285 2315 372 2395 sequi
403 2318 435 2378 et
463 2315 495 2379 in
523 2316 688 2379 eeclesiam
711 2317 831 2400 redigi?
876 2318 958 2381 unde
983 2321 1014 2381 et
1037 2318 1119 2400 apud
1142 2335 1215 2396 nos,
1247 2319 1283 2381 ut
1306 2316 1422 2380 ethnico

283 2438 355 2501 par,
386 2419 483 2483 immo
506 2423 538 2482 et
560 2439 653 2502 super
677 2420 853 2501 ethnicum,
877 2421 1051 2485 haereticus
1076 2422 1169 2485 etiam
1193 2441 1249 2504 per
1272 2421 1423 2504 baptisma

231 2550 257 2589 ro
284 2524 426 2587 ueritatis
457 2526 588 2605 utroque
620 2525 746 2589 nomine
776 2529 928 2609 purgatus
960 2526 1144 2590 admittitur.
1192 2529 1248 2589 aut
1278 2526 1304 2589 si
1326 2527 1422 2588 certus

284 2647 317 2690 es
341 2627 505 2690 mulierem
528 2628 615 2691 illam
639 2632 709 2710 post
731 2628 827 2692 fidem
850 2630 956 2692 uiuam
982 2630 1014 2693 in
1037 2630 1179 2693 haeresin
1203 2632 1313 2711 postea
1329 2628 1422 2709 exspi-

282 2749 384 2810 rasse,
415 2735 535 2795 utnon
559 2734 648 2813 quasi
671 2733 861 2813 haereticae,
894 2733 949 2797 sed
972 2736 1061 2815 quasi
1084 2734 1168 2797 fideli
1191 2733 1355 2816 peccatrici
1377 2732 1422 2795 cui

284 2836 408 2899 ueniam
431 2856 467 2905 ex
490 2837 683 2919 paenitentia
706 2838 856 2917 uindices,
881 2856 954 2901 sane
975 2843 1049 2922 agat
1063 2839 1302 2922 paenitentiam,
1325 2837 1421 2901 sedin

283 2940 379 3005 finem
403 2940 571 3020 moechiae,
597 2958 659 3005 non
681 2946 788 3005 tamen
809 2946 840 3006 et
854 2943 1084 3007 restitutionem
1101 2946 1316 3006 consecutura.
1350 2942 1421 3004 haec

230 3071 256 3110 aa
284 3044 366 3107 enim
391 3044 450 3108 erit
471 3045 672 3126 paenitentia,
697 3064 793 3127 quam
817 3049 848 3110 et
870 3064 926 3110 nos
950 3046 1056 3111 deberi
1079 3047 1205 3129 quidem
1229 3046 1420 3130 agnoscimus

282 3149 382 3211 multo
406 3148 518 3231 magis,
542 3148 596 3212 sed
620 3150 657 3213 de
681 3150 774 3213 uenia
797 3150 853 3213 deo
877 3169 1084 3215 reseruemus.
1132 3152 1263 3233 denique
1287 3168 1324 3215 ea
1342 3149 1420 3232 Apo-

282 3255 416 3337 calypsis
447 3255 479 3318 in
507 3255 731 3337 posterioribus
755 3257 957 3339 propudiosos
983 3260 1014 3319 et
1036 3257 1252 3336 fornicatores,
1283 3256 1364 3319 sicut
1385 3254 1421 3319 ti-

255 3359 383 3449 ·midos
414 3363 446 3423 et
474 3361 651 3424 incredulos
683 3363 714 3423 et
743 3360 915 3424 homicidas
947 3364 978 3424 et
1004 3361 1159 3426 ueneficos
1183 3364 1215 3425 et
1231 3361 1419 3437 idololatras,
1459 3410 1461 3416 .

282 3464 336 3544 qui
358 3464 421 3527 tale
444 3464 518 3545 quid
540 3464 573 3527 in
595 3464 656 3527 fide
679 3463 809 3544 fuerint,
839 3465 872 3527 in
900 3468 1048 3549 stagnum
1072 3465 1153 3549 ignis
1177 3466 1243 3529 sine
1267 3466 1331 3529 ulla
1354 3482 1420 3527 con-

230 3593 255 3630 eo
283 3568 426 3632 dicionali
449 3569 650 3632 damnatione
674 3568 819 3632 decreuit.
858 3587 921 3633 non
945 3570 1029 3633 enim
1053 3570 1090 3633 de
1114 3569 1246 3633 ethnicis
1270 3568 1421 3633 uidebitur

282 3690 401 3754 sapere,
424 3691 497 3736 cum
521 3673 557 3736 de
580 3672 726 3736 fidelibus
749 3673 974 3755 pronuntiarit:
999 3674 1060 3755 qui
1084 3673 1261 3753 uicerint,
1284 3671 1420 3737 heredi-

386 3825 415 3894 9]
435 3829 448 3881 1
469 3827 527 3883 Cor.
543 3830 582 3891 15,
598 3830 638 3882 11.
697 3827 743 3895 31]
762 3826 843 3896 Apoc.
857 3831 899 3894 21,
913 3832 928 3884 7
942 3845 979 3896 sq.

325 3965 612 4032 2111111910,11111.Β
665 3965 805 4019 mulierem
823 3966 850 4033 Ο,
870 3966 1004 4020 mulierB
1058 3966 1200 4036 prophetin
1215 3969 1280 4023 Seni
1332 3968 1419 4021 20111-

282 4051 353 4104 mine
370 4053 442 4106 Lat:
464 4052 571 4105 homine
594 4054 621 4106 B
691 4055 771 4108 21111
794 4055 859 4109 Urs:
882 4057 923 4106 est
945 4056 972 4108 Β
1044 4054 1164 4107 haeresin
1187 4055 1253 4109 Ure:
1275 4053 1375 4109 haeresi
1396 4052 1420 4106 B

281 4142 316 4194 22
333 4139 480 4192 haereticae
495 4141 558 4194 Gel:
576 4139 748 4193 haereticoB
803 4140 845 4193 cui
858 4159 908 4195 om.
924 4142 974 4195 aer
1038 4143 1072 4196 23
1085 4140 1269 4212 1111111111611
1321 4138 1419 4195 inodd.

283 4227 333 4280 Gel
394 4229 428 4280 24
445 4227 527 4278 tinem
545 4228 615 4295 Rip:
632 4225 714 4278 fidem
733 4228 760 4280 B
818 4229 851 4281 26
871 4244 901 4279 ea
919 4229 968 4283 del,
983 4230 1127 4282 Hurielius
1186 4226 1339 4281 adfuerint
1360 4228 1420 4282 Uro:

281 4311 363 4366 fuerit
379 4314 407 4367 B
460 4316 492 4369 31
511 4312 702 4366 haereditatem
715 4312 853 4367 habebunt
865 4314 945 4367 istam
959 4316 993 4382 B,
1012 4314 1175 4368 haereditate
1188 4312 1326 4367 habebunt
1338 4314 1387 4367 ista
1402 4311 1422 4367 0
