3200 5034
239 392 277 445 Vl
719 397 897 451 Praefatio.

240 585 347 632 earum
373 571 552 654 propediem
582 572 733 636 rationem
763 573 872 637 reddet
895 571 1070 637 Guilelmus
1093 573 1205 638 Hartel
1232 575 1264 638 in
1291 593 1375 638 oom-

238 673 430 738 mentatione
455 676 530 738 actis
554 677 732 740 academiae
749 675 919 742 Caesareae
931 678 1181 743 Vindobonensis
1201 679 1373 743 inserenda.

238 777 370 859 denique
393 797 456 842 non
480 780 675 845 mediocriter
703 781 799 845 adiuti
826 801 934 846 sumus
962 781 1091 846 Adolfi
1119 784 1293 847 Harnaclr
1315 785 1375 847 Be-

238 883 401 946 rolinensis
423 883 585 966 beneficio,
608 887 662 967 qui
682 887 817 970 plagulis
833 887 977 969 perlectis
993 887 1207 952 adnotationes
1223 888 1376 970 quasdam

239 1004 311 1049 suas
342 990 373 1050 ot
402 987 594 1053 coniecturas
618 991 747 1054 comiter
770 990 934 1055 nobiscum
957 992 1214 1066 communicauit3
1246 992 1375 1055 oui-hoc

238 1109 359 1172 quoque
381 1093 447 1156 loco
471 1093 592 1157 debitas
615 1095 733 1177 gratias
757 1114 849 1178 agere
871 1095 1042 1158 iucundum
1066 1100 1121 1160 est.

281 1195 388 1259 Totius
417 1200 522 1260 autem
551 1198 694 1262 editionis
717 1218 772 1281 per
795 1199 856 1262 tria
878 1200 1039 1263 uolumina
1062 1200 1270 1291 disponendae
1293 1200 1375 1263 hunc

238 1300 378 1364 ordinem
409 1319 477 1365 esse
509 1301 608 1366 uoluit
630 1302 913 1384 Reifferscheidius,
944 1306 980 1367 ut
1009 1303 1082 1367 huic
1100 1305 1206 1386 'primo
1230 1308 1315 1368 torno
1338 1322 1376 1367 ea

238 1403 423 1469 Tertulliani
447 1407 562 1489 scripta
585 1407 764 1487 destinaret,
789 1426 869 1488 quae
893 1409 1000 1472 autin
1024 1410 1089 1472 solo
1105 1408 1304 1492 Agobardino
1325 1427 1376 1472 co·

238 1507 304 1572 dioc
339 1509 479 1573 omnium
513 1511 736 1594 pretiosissimo
772 1515 937 1576 seruantur
968 1516 1023 1576 aut
1054 1513 1149 1576 nullis
1180 1514 1376 1577 continentur

237 1612 324 1676 libris
358 1615 578 1697 manuscriptis
609 1616 700 1680 hodie
731 1617 962 1698 superstitibus,
996 1617 1040 1680 ita
1071 1621 1106 1681 ut
1135 1618 1174 1681 ad
1204 1617 1375 1681 editionum

237 1720 389 1798 ueterum,
412 1719 554 1802 inprimis
571 1718 792 1804 Gaugneianae
813 1721 906 1784 fidem
929 1723 1120 1785 recensenda
1142 1721 1213 1784 sint.
1223 1721 1247 1806 1)
1282 1739 1375 1803 quam

237 1821 473 1904 dispositionem
494 1823 540 1887 ita
562 1843 785 1906 persequemur
808 1825 841 1889 in
864 1825 1066 1906 sequentibus
1089 1825 1311 1906 uoluminibus,
1341 1828 1377 1888 ut

237 1926 327 1990 alteri
354 1926 531 1991 tribuantur
554 1931 585 1992 11
606 1929 725 2010 reliqua
746 1929 819 1992 libri
840 1929 1035 2013 Agobardini
1058 1931 1173 2013 scripta
1196 1933 1228 1993 et
1249 1929 1272 1992 ii
1293 1928 1375 2009 libri,

140 2077 142 2084 ,
237 2048 369 2110 quorum
391 2022 530 2096 recensio
554 2032 711 2096 codicibus
735 2034 845 2097 nititur
868 2035 992 2098 saeculo
1015 2035 1124 2115 quinto
1147 2035 1266 2098 decimo
1287 2036 1340 2096 uet
1362 2069 1376 2079 -

237 2134 400 2215 stioribus,
437 2136 529 2200 tertio
564 2137 709 2218 quicquid
743 2138 816 2201 solis
850 2137 937 2201 libris
971 2139 1099 2202 nouiciis
1133 2138 1284 2201 traditum
1317 2139 1375 2199 est.

237 2239 368 2303 edentur
391 2242 496 2304 autem
519 2240 596 2304 haec
616 2241 777 2304 uolumina
792 2259 811 2304 a
826 2239 984 2324 Georgio
1000 2241 1193 2321 Wissowa,
1216 2241 1270 2323 qui
1289 2240 1376 2304 iussu

237 2343 414 2406 academiae
439 2343 609 2409 Caesareae
632 2343 882 2408 Vindobonensis
905 2345 1156 2410 Reifferscheidio
1183 2345 1217 2408 in
1243 2362 1376 2408 uacuam

236 2448 428 2530 prouinciam
456 2449 616 2528 suecessit,
647 2449 735 2529 isque
759 2449 791 2512 in
815 2450 1043 2532 prolegomenis
1067 2450 1157 2513 alteri
1179 2453 1264 2513 tomo
1287 2467 1376 2532 prac-

237 2553 396 2616 mittendis
410 2570 539 2635 operum
551 2553 834 2617 Tertullianeorum
845 2554 1008 2617 historiam
1019 2555 1160 2618 criticam
1172 2555 1272 2618 fusius
1288 2572 1376 2617 enar-

236 2655 327 2719 rabit.
373 2656 431 2720 hoo
460 2674 533 2720 uero
556 2656 623 2720 loco
647 2657 686 2719 de
708 2657 855 2721 subsidiis
879 2658 994 2722 criticis
1018 2677 1055 2721 ea
1077 2662 1211 2738 tautum,
1242 2675 1321 2738 quae
1343 2658 1375 2719 in

236 2759 294 2822 hcc
316 2760 416 2842 primo
439 2760 600 2824 uolumine
625 2760 799 2824 adhibendo
824 2762 951 2825 scienda
972 2766 1056 2842 sunt,
1079 2780 1175 2844 quam
1191 2762 1376 2825 breuissime

237 2864 504 2945 adumbrabimus,
536 2866 732 2950 ⁴argumentis
766 2865 931 2948 posteriori
964 2866 1011 2929 illi
1043 2865 1298 2931 commentationi
1327 2884 1376 2928 re-

218 2969 379 3032 seruatis.

281 3073 398 3138 Omnes
421 3076 574 3156 quotquot
596 3076 720 3137 exstant
735 3074 919 3138 Tertulliani
941 3075 1036 3139 libros
1060 3075 1288 3157 manuscriptos
1304 3092 1375 3137 cum

182 3178 212 3242 A
239 3182 339 3244 aetate
363 3181 431 3241 tum
446 3177 545 3260 pretio
561 3178 654 3261 longe
677 3179 775 3243 uincit
797 3179 892 3242 codex
906 3179 1100 3243 Parisinus
1123 3180 1266 3243 latinns
1292 3176 1374 3240 1622

148 3319 150 3323 ν
237 3283 496 3348 membranaceus
520 3301 599 3346 saec.
617 3283 673 3363 iX,
697 3283 749 3364 qui
764 3281 985 3366 Agobardinus
1009 3284 1104 3366 uulgo
1128 3285 1213 3348 audit
1235 3284 1374 3366 aprime

235 3407 414 3473 possessore
437 3386 604 3471 Agobardo
636 3387 778 3469 episcopo
802 3388 1017 3470 Lugdunensi;
1049 3389 1086 3451 de
1116 3389 1203 3452 ouius
1233 3389 1305 3453 libri
1327 3388 1375 3451 hi-

237 3495 331 3557 storia
354 3492 444 3556 hodie
469 3491 621 3556 uidendus
645 3495 694 3555 est
724 3491 1008 3556 Maximilianus
1034 3493 1280 3574 Klussmann,
1315 3490 1375 3556 Cu-

236 3618 354 3685 narum
371 3593 672 3658 Tertulliancoruru
686 3593 875 3680 particulae
891 3605 955 3658 trec
971 3595 1105 3679 (Gothae
1119 3595 1216 3680 1887)
1231 3619 1260 3681 p.
1273 3596 1294 3658 6
1307 3616 1372 3678 sqq.

237 3705 285 3765 cst
314 3701 394 3765 liber
423 3701 542 3764 formae
573 3700 735 3784 oblongae,
766 3704 878 3783 patens
909 3701 942 3764 in
969 3701 1167 3766 altitudinem
1191 3703 1376 3766 centimetra

236 3833 442 3842 -—--—-—-

281 3908 300 3976 1)
318 3907 352 3960 ln
369 3907 419 3960 hac
437 3906 552 3960 editione
569 3906 651 3960 libros
671 3907 716 3975 qui
728 3907 865 3975 Agobardi
884 3907 972 3961 codice
991 3908 1162 3963 continentur
1174 3908 1267 3962 ordine
1283 3924 1375 3962 eorum

237 3997 341 4048 seruato
360 3994 476 4063 excipere
500 3993 633 4048 debebant
655 3995 674 4047 ii
697 3995 743 4062 qui
762 3995 900 4063 Gangneio
919 3995 1057 4059 debentur,
1080 3999 1106 4049 et
1127 3996 1238 4050 fortasse
1256 4012 1304 4050 nos
1322 4013 1376 4049 non

236 4084 307 4136 recte
325 4082 446 4145 fecimus,
466 4081 535 4149 quod
555 4080 809 4145 Reifferscheidium‚
832 4083 877 4149 qui
900 4082 1020 4135 ordinem
1039 4082 1071 4135 ab
1091 4082 1202 4137 Oehlero
1220 4084 1375 4136 institutum

237 4169 343 4237 recepit,
368 4169 497 4238 corrigere
520 4168 662 4223 noluimus,
699 4185 731 4220 ne
755 4161 819 4236 quid
845 4185 909 4223 uero
935 4169 1081 4237 legentium
1109 4171 1283 4224 commoditas
1308 4170 1375 4222 desi-

238 4256 341 4309 deraret
359 4255 489 4308 librorum
508 4254 590 4307 indici
613 4255 771 4324 praefationi
795 4255 895 4307 adnexo
914 4256 982 4323 sigla
1000 4257 1130 4320 codicum,
1154 4258 1249 4324 quibus
1271 4256 1376 4324 singula

237 4342 365 4412 opuscula
383 4343 560 4405 continentur,
580 4340 730 4395 adiecimus.
