3200 5034
311 454 376 518 310
542 453 656 519 Quinti
676 453 814 522 Septimi
833 453 1000 507 Plorantis
1019 452 1222 507 Tertulliani

310 633 365 694 aut
387 631 445 693 atsi
468 648 530 694 non
554 629 671 709 adsint,
695 629 754 693 hoc
777 649 846 694 esse
869 630 1083 712 proprietatis,
1114 647 1176 693 non
1200 628 1310 692 adesse
1334 627 1449 709 corpori

310 733 538 815 animaequae
561 733 765 816 corporibus!
786 734 900 799 6616116
924 735 1036 798 adsint.
1076 737 1108 798 61
1130 737 1236 797 161666
1260 751 1323 796 666
1346 733 1450 795 incon-
1461 738 1524 792 1111

310 840 429 902 stanter
459 837 675 922 profitebimur
701 837 901 902 sollemniora
926 856 1066 920 quaeque
1091 841 1122 902 61
1145 837 1323 901 omnimodo
1347 835 1450 898 debita

310 942 521 1025 corpulentiae
545 943 655 1006 adesse
678 942 803 1006 animae
826 961 959 1024 quoqne,
984 946 1020 1007 ut
1041 941 1195 1022 habitum,
1219 943 1255 1004 ut
1270 940 1449 1018 terminum,

271 1071 283 1109 e
310 1049 346 1109 ut
367 1045 444 1110 illud
467 1047 621 1111 trifariam
638 1047 857 1127 distantiuum,
880 1047 1108 1130 longitudinem
1124 1047 1192 1110 dico
1208 1049 1239 1110 61
1252 1045 1449 1109 latitudinem

309 1152 341 1214 et
370 1149 611 1232 sublimitatem,
647 1150 759 1234 quibus
790 1154 950 1215 metantur
979 1168 1107 1234 corpora
1136 1150 1319 1234 philosophi.
1377 1150 1448 1231 quid

309 1272 392 1318 nunc
413 1255 495 1336 quod
519 1257 551 1320 et
574 1254 711 1340 effigiem
734 1256 858 1320 animae
882 1256 1015 1320 damus?
1049 1256 1180 1319 Platone
1203 1255 1338 1334 nolente,
1362 1255 1448 1335 quasi

307 1358 501 1441 periclitetur
530 1360 568 1422 16
599 1360 722 1424 6611666
752 1360 996 1425 161166116111616.
1044 1378 1136 1424 61666
1167 1359 1252 1423 66161
1279 1357 1448 1442 effigiatum

308 1463 515 1545 compositum
538 1466 570 1528 et
592 1463 734 1528 611661116
757 1463 909 1528 affirmat:
933 1462 1113 1528 dissolubile
1136 1466 1242 1528 autam
1258 1481 1448 1527 616666616-

257 1591 281 1630 16
307 1566 488 1650 positioium
510 1570 543 1631 et
567 1568 721 1642 stmotile3
753 1570 808 1632 661
831 1569 968 1632 animam
992 1569 1213 1648 immortalem,
1237 1567 1447 1651 1911611616-

308 1670 485 1752 solubilem,
509 1690 572 1754 qua
595 1673 805 1738 immortalem
826 1676 858 1737 at
873 1672 1091 1757 ineffigiatam,
1114 1691 1176 1755 qua
1191 1672 1445 1737 indissolubilem.

307 1778 448 1840 ceterum
474 1777 721 1861 compositiciam
745 1780 777 1841 at
799 1779 988 1858 structilem,
1020 1778 1046 1842 si
1070 1776 1257 1862 effigiatam3
1288 1780 1445 1858 tamquam

306 1880 367 1944 alio
399 1897 468 1944 eam
491 1880 583 1945 modo
607 1880 749 1965 effigians
771 1881 1036 1946 intellectualibus
1059 1883 1184 1963 formis,
1214 1881 1379 1965 pulchram
1401 1883 1446 1945 iu-

307 1984 394 2048 stitia
417 1988 447 2048 61
470 1985 640 2069 disciplinis
663 1986 889 2069 philosophiae,
917 1987 1090 2051 deformem
1117 2005 1191 2051 uero
1215 1987 1376 2051 contrariis
1399 2005 1446 2049 ar·

254 2113 279 2152 16
306 2087 399 2152 tibus.
446 2089 501 2152 sed
528 2108 583 2154 nos
607 2091 781 2172 corporales
806 2109 927 2172 qnoque
951 2091 997 2155 illi
1019 2091 1220 2156 inscribimus
1243 2091 1355 2171 lineae,
1385 2109 1444 2154 non

305 2195 430 2256 tantum
461 2212 496 2257 ex
519 2193 633 2257 fiducia
656 2195 884 2277 corporalitatis
907 2213 962 2276 par
986 2195 1252 2276 aestimationem,
1283 2215 1393 2260 uerum
1416 2199 1445 2260 et

305 2315 341 2359 er
372 2297 549 2361 constantia
579 2298 699 2381 gratiae
729 2318 785 2382 per
815 2299 1048 2364 reuelationem.
1095 2318 1168 2364 nam
1199 2289 1273 2382 quia
1298 2301 1445 2383 spiritalia

305 2401 495 2465 charismata
531 2405 745 2486 agnoscimus
782 2408 854 2487 post
888 2404 1061 2468 Iohannem
1096 2423 1219 2487 quoque
1253 2406 1443 2489 prophetiam

304 2507 477 2570 meruimus
509 2508 666 2588 consequi.
714 2511 761 2571 est
790 2508 883 2572 hodie
914 2525 1000 2572 soror
1030 2510 1113 2591 apud
1141 2527 1197 2574 nos
1220 2510 1443 2575 reuelationum

252 2635 278 2672 6
305 2610 497 2674 charismata
527 2611 651 2691 sortita,
681 2629 760 2693 ques
789 2612 822 2675 in
850 2612 980 2678 66616616
1001 2613 1083 2677 16161
1106 2613 1263 2678 dominica
1286 2615 1444 2678 sollemnia

304 2734 359 2797 per
390 2715 525 2779 ecstasin
554 2715 587 2779 in
611 2715 722 2798 spiritu
745 2717 877 2798 patitnr3
908 2721 1110 2782 conuersatur
1133 2736 1205 2781 eum
1229 2719 1361 2802 angelis,
1391 2719 1443 2782 ali·

304 2820 428 2900 qnando
460 2819 555 2884 etiam
582 2838 653 2883 oum
677 2820 817 2901 domino,
849 2825 881 2885 61
903 2821 990 2885 61161
1013 2825 1044 2886 61
1067 2823 1153 2886 audit
1176 2827 1385 2904 sacramenta,
1414 2827 1443 2888 et

305 2924 500 3004 quorundam
523 2924 617 2988 66116
632 2924 767 2988 dinoscit
783 2928 814 2989 et
829 2926 999 2990 medicinas
1016 2927 1266 2993 desiderantibus
1283 2929 1441 2994 submittit.

304 3027 369 3089 iam
399 3045 473 3092 uero
503 3032 596 3112 prout
627 3030 800 3113 scripturae
830 3030 978 3113 leguntur
1005 3035 1059 3095 aut
1081 3032 1195 3114 psalmi
1218 3037 1371 3098 canuntur
1393 3037 1443 3098 aut

265 3157 278 3193 e
306 3130 508 3196 allocutiones
539 3133 740 3216 proferuntur
776 3137 831 3198 661
864 3135 1030 3217 petitiones
1065 3135 1264 3220 delegantur,
1299 3137 1342 3202 ita
1374 3137 1441 3201 1616

304 3236 454 3300 materiae
489 3235 661 3300 uisionibus
696 3237 984 3302 subministrantur.
1048 3240 1128 3304 forte
1163 3241 1268 3306 666616
1302 3241 1374 3323 quid
1405 3241 1441 3304 de

304 3340 409 3402 anima
443 3340 706 3422 disserueramus,
741 3360 813 3405 cum
846 3361 882 3406 ea
913 3361 998 3408 soror
1027 3343 1060 3407 in
1092 3343 1203 3427 spiritu
1238 3348 1329 3409 esset.
1373 3348 1441 3427 post

303 3447 461 3508 transacta
484 3444 648 3509 sollemnia
667 3444 671 3529 Ι
693 3446 823 3511 11611666
845 3446 946 3530 plebe,
969 3466 1030 3530 quo
1054 3467 1113 3512 usu
1130 3449 1210 3513 solet
1225 3450 1315 3515 nobis
1330 3457 1506 3514 ranan-fni

303 3550 381 3612 tiara
404 3568 500 3638 qnaeu
513 3549 628 3613 uiderit
650 3548 738 3631 (nam
763 3554 794 3614 et
817 3551 1064 3636 diligentissime
1081 3553 1277 3637 digeruntur,
1301 3558 1336 3619 ut
1351 3555 1439 3619 etiam

407 3721 435 3789 7]
454 3720 488 3775 cf.
501 3720 571 3775 Plat.
590 3721 690 3775 Phaad.
703 3739 729 3791 p.
745 3725 794 3778 105
808 3737 863 3791 sqq.

345 3878 407 3930 aet
425 3877 519 3930 6616116
537 3878 565 3931 Β
619 3877 832 3933 5116166116616
850 3879 920 3934 Lot:
942 3879 1101 3935 distantium
1119 3883 1175 3937 AB
1228 3882 1288 3938 dico
1307 3887 1334 3938 61
1350 3883 1436 3940 om.A

303 3966 335 4018 10
354 3966 395 4016 est
412 3965 439 4018 A
452 3982 519 4020 corr.
593 3968 623 4020 11
643 3980 696 4033 qua
714 3964 1144 4022 immortalem-indissolubilem
1163 3988 1214 4026 om.
1228 3972 1255 4025 A
1326 3970 1437 4040 666116-

302 4050 442 4104 mortalem
466 4053 530 4107 Ure:
548 4067 628 4120 quam
647 4051 826 4105 immortalem
845 4055 873 4107 B
927 4055 1162 4123 1566616616
1218 4060 1250 4114 18
1269 4058 1396 4112 iohannan
1410 4059 1436 4110 A

304 4139 335 4192 19
355 4140 382 4190 61
400 4139 524 4205 consequi
537 4139 564 4192 B
618 4141 650 4193 21
670 4139 784 4192 ecstasin
797 4140 883 4194 Para:
900 4141 1000 4194 extasin
1013 4144 1069 4197 AB
1122 4145 1153 4198 111
1171 4161 1222 4214 mp.
1236 4163 1322 4199 16666
1337 4145 1436 4199 librarii

301 4224 374 4277 Nota
397 4224 512 4277 formam
535 4226 633 4279 ueteris
654 4224 839 4280 celebrationis
857 4229 884 4281 A
955 4231 988 4284 23
1012 4230 1159 4285 summittit
1182 4233 1267 4286 Pom.-
1288 4232 1370 4286 sumit
1386 4232 1436 4285 AB

301 4312 336 4364 24
353 4310 407 4362 iam
426 4312 461 4378 B,
480 4311 519 4364 116
536 4313 563 4365 A
617 4328 679 4366 uero
698 4313 789 4369 om.B
843 4315 876 4368 26
895 4315 1041 4370 matheriaa
1059 4319 1086 4371 A
1142 4321 1175 4373 27
1194 4321 1254 4387 sprir
1273 4321 1300 4374 A
1351 4316 1435 4375 6811-

302 4395 398 4453 missae
419 4398 446 4450 A
499 4413 547 4451 uso
565 4399 592 4454 A
611 4416 678 4455 corr.
732 4400 888 4456 renunciare
907 4403 934 4458 A
