3200 5034
596 490 628 542 x.
648 489 692 541 ne
711 489 818 542 anima
837 491 946 544 57-58.
1281 486 1345 551 395

201 671 372 747 utrumque
402 666 530 728 titulum
557 664 735 747 passionis?
780 665 924 746 quotiens
948 663 1067 727 inlaeso
1090 680 1216 745 corpore
1240 661 1345 726 anima

202 771 270 834 sola
296 773 460 851 torquetur
482 769 545 832 bile
567 771 614 831 ira
636 768 738 831 taedio
761 769 945 850 plerumque
967 785 1025 830 neo
1048 765 1108 830 sibi
1130 769 1225 830 noto?
1270 784 1346 847 quo·
1440 814 1442 818 -

201 875 283 937 tiens
308 875 391 937 ‘item
420 890 547 955 corpore
579 872 693 936 afflicto
724 872 876 936 furtiuum
906 870 967 935 sibi
993 871 1099 934 anima
1120 869 1272 954 gaudium
1295 889 1345 933 en-

202 978 299 1058 quirit
318 980 349 1040 et
364 996 383 1040 a
398 977 534 1058 corporis
557 977 738 1058 importuna
760 979 836 1040 tuno
860 976 1007 1039 societate
1031 973 1167 1037 secedit?
1201 973 1344 1052 mentior,

204 1084 230 1145 si
253 1100 315 1146 non
339 1081 474 1163 deipsis
497 1080 685 1144 cruciatibus
709 1080 846 1160 corporis
870 1081 902 1142 et
924 1078 1051 1161 gloriari
1074 1081 1104 1141 et
1126 1076 1262 1160 gaudere
1277 1075 1343 1140 sola
1373 1103 1386 1142 r

204 1185 375 1249 consueuit.
426 1185 546 1266 respice
577 1185 617 1248 ad
646 1184 742 1247 Mutii
774 1184 927 1262 animam,
963 1200 1034 1245 cunr
1065 1181 1224 1245 dexteram
1255 1199 1345 1244 suam

204 1290 330 1372 ignibus
361 1289 469 1364 soluit3
504 1289 624 1370 respice
655 1289 694 1351 ad
722 1287 868 1367 Zenonis,
899 1305 971 1350 oum
1001 1286 1089 1350 illam
1113 1285 1255 1368 Dionysii
1283 1287 1346 1349 tor-

204 1397 311 1457 menta
339 1395 548 1476 praetereunt.
595 1409 718 1455 morsus
748 1391 886 1454 ferarum
917 1392 1102 1454 ornamenta
1133 1392 1206 1452 sunt
1236 1389 1346 1452 iuuen-

204 1499 281 1561 tutis
310 1501 346 1560 ut
374 1498 406 1560 in
430 1496 509 1578 Cyro
541 1497 606 1559 ursi
636 1496 806 1559 cicatrices,
853 1495 929 1558 adeo
961 1496 1049 1558 nouit
1071 1496 1103 1557 et
1125 1493 1209 1576 apud
1230 1494 1345 1557 inferos

205 1603 310 1665 anima
333 1605 365 1664 et
387 1601 523 1683 gaudere
547 1603 578 1663 et
601 1600 703 1663 dolere
728 1600 794 1662 sine
818 1617 921 1678 carne,
945 1599 1017 1679 quia
1041 1601 1071 1661 et
1093 1597 1127 1661 in
1146 1615 1238 1660 carne
1254 1597 1346 1660 etin·
1374 1622 1399 1660 ιο

203 1706 291 1768 laesa
313 1705 341 1768 si
361 1705 438 1768 uelit
461 1704 545 1767 dolet
568 1706 599 1766 et
621 1705 706 1767 laesa
730 1704 756 1766 si
779 1703 857 1767 uelit
879 1703 1003 1786 gaudet.
1040 1702 1098 1765 hcc
1121 1702 1147 1764 si
1167 1719 1203 1764 ex
1218 1698 1346 1764 arbitrio

205 1827 261 1872 suo
291 1809 323 1871 in
352 1809 428 1888 uita,
459 1810 578 1888 quanto
601 1808 703 1890 magis
728 1827 764 1869 er
786 1806 900 1870 iudicio
924 1806 973 1869 dei
995 1808 1068 1887 post
1090 1806 1246 1868 mortem?
1293 1805 1365 1867 sed

204 1931 262 1976 nec
285 1914 390 1977 omnia
411 1931 506 1994 opera
528 1913 633 1995 optiuo
657 1931 730 1974 cum
753 1913 855 1975 carnis
879 1910 1050 1973 ministerio
1074 1909 1180 1972 anima
1198 1908 1346 1990 partitum

205 2034 279 2079 nam
303 2019 334 2080 et
356 2017 439 2080 solos
463 2017 617 2099 cogitatus
641 2019 672 2078 et
695 2016 794 2078 nudas
812 2015 991 2078 uoluntates
1007 2029 1138 2076 censura
1153 2011 1262 2074 diuina
1277 2030 1348 2093 per·

111 2121 355 2202 trodsequitur.
395 2121 457 2202 qui
480 2120 619 2183 uiderit
638 2118 643 2202 Ι
664 2120 708 2182 ad
730 2117 1084 2200 concupiscendum,
1111 2117 1182 2178 ianr
1206 2115 1347 2178 adulte·
1375 2142 1399 2180 15

206 2226 305 2288 rauit
333 2226 370 2287 in
401 2224 518 2287 corde.
566 2241 638 2305 ergo
669 2224 720 2285 uel
749 2225 875 2304 propter
905 2221 1001 2305 haec,
1030 2219 1347 2302 congruentissimum

207 2332 254 2392 cst
284 2330 432 2407 animam,
463 2329 536 2391 licet
560 2346 622 2390 non
646 2329 808 2407 expectata
830 2345 933 2405 carne,
963 2324 1077 2407 puniri,
1109 2324 1189 2404 quod
1212 2341 1274 2386 non
1298 2339 1347 2386 so·
1411 2409 1412 2412 Ἴ

208 2434 288 2496 olata
318 2451 410 2496 carne
440 2432 605 2494 commisit.
652 2432 696 2493 sio
727 2433 757 2493 et
787 2429 826 2492 ob
851 2428 1006 2512 cogitatus
1030 2428 1098 2510 pios
1121 2429 1153 2490 et
1174 2425 1346 2505 beniuolos,

205 2537 371 2617 inquibus
396 2555 488 2599 carue
512 2552 575 2598 non
598 2535 694 2616 eguit,
718 2534 784 2596 sine
809 2551 901 2596 carne
923 2530 1121 2596 recreabitur.
1157 2530 1231 2611 quid
1253 2546 1346 2608 nunc,

206 2642 232 2703 si
256 2645 286 2704 et
309 2642 341 2703 in
365 2639 541 2703 carnalibus
565 2639 647 2721 prior
671 2641 718 2701 est
741 2656 819 2719 quae
836 2637 979 2718 concipit,
1004 2654 1083 2717 quae
1100 2635 1245 2716 disponit,
1268 2651 1346 2714 quae
1374 2663 1399 2700 20
1431 2681 1434 2688 ·

207 2744 348 2822 mandat,
384 2761 461 2825 quae
496 2743 650 2824 impellit?
708 2746 738 2804 et
769 2742 796 2804 si
827 2741 949 2822 quando
980 2741 1093 2819 inuita,
1127 2738 1211 2821 prior
1240 2740 1347 2800 tamen

207 2850 330 2926 tractat,
361 2848 442 2928 quod
473 2866 528 2929 per
554 2863 666 2928 corpus
690 2848 798 2908 actura
821 2848 878 2908 est.
924 2861 1095 2924 numquam
1120 2842 1252 2923 denique
1275 2859 1347 2905 con-

209 2951 339 3013 scientia
367 2952 518 3032 posterior
549 2951 606 3013 erit
632 2950 724 3013 facto.
771 2950 815 3012 ita
837 2949 909 3012 huic
932 2966 1053 3029 quoque
1077 2947 1176 3009 ordini
1198 2944 1349 3026 competit

209 3070 280 3115 eam
299 3054 432 3134 priorem
448 3073 580 3136 pensare
596 3054 754 3116 mercedes
771 3053 822 3116 cui
837 3053 931 3134 priori
948 3050 1129 3114 debeantur.
1164 3051 1197 3113 in
1214 3066 1348 3128 summa,

209 3175 282 3219 cum
305 3175 459 3220 carcerem
484 3158 584 3236 illum,
608 3176 702 3237 quem
725 3157 923 3238 euangelium
945 3155 1148 3233 demonstrat,
1171 3154 1286 3217 inferos
1302 3153 1349 3215 in·
1375 3180 1400 3218 25

211 3261 391 3341 tellegimus
409 3263 440 3323 et
454 3262 660 3324 nouissimum
676 3260 884 3340 quadrantem
897 3259 1055 3322 modicum
1067 3275 1189 3339 quoque
1202 3256 1350 3319 delictum

212 3382 299 3427 mora
327 3365 562 3428 resurrectionis
594 3366 657 3428 illic
686 3364 835 3427 luendum
860 3363 1114 3445 interpretamur,
1145 3378 1236 3424 nemo
1260 3358 1349 3422 dubi-

209 3468 289 3531 tabit
312 3468 452 3531 animam
475 3469 590 3550 aliquid
612 3487 745 3551 pensare
767 3487 864 3549 penes
880 3468 995 3531 inferos
1012 3465 1100 3530 salua
1114 3463 1348 3528 resurrectionis

315 3691 359 3759 15]
379 3693 474 3746 marth.
489 3694 513 3755 5,
526 3695 567 3747 28.
625 3691 671 3760 25]
691 3691 724 3745 cf.
744 3690 808 3744 ibid.
828 3693 852 3752 5,
865 3692 898 3745 25
911 3703 966 3757 sqq.

254 3898 315 3953 lin
334 3898 403 3951 laeso
422 3901 449 3952 B
519 3902 618 3953 ltunc
636 3899 791 3968 importuna
807 3900 835 3952 A
906 3897 973 3952 lad
993 3915 1043 3952 om.
1063 3898 1090 3950 A
1162 3899 1194 3952 10
1216 3895 1304 3949 dolero
1323 3899 1349 3948 et

209 3985 324 4051 gaudere
352 3986 423 4038 Pam
495 3993 622 4054 quartum
641 3988 667 4038 et
689 4004 738 4040 oar.
758 3986 785 4039 B
862 3987 894 4039 13
917 3983 1007 4053 optiuo
1029 3985 1141 4052 scripsi.-
1163 3983 1264 4053 optimo
1285 3984 1351 4056 AB,

210 4089 259 4127 our.
284 4071 334 4125 cer
403 4073 520 4140 partitur
543 4073 622 4141 Bmp,
647 4073 749 4141 patitur
769 4072 826 4126 AB
897 4074 929 4126 16
957 4070 999 4124 uel
1023 4088 1073 4125 om.
1092 4072 1163 4124 Pam
1233 4071 1282 4129 hoc
1301 4071 1350 4124 Gal

211 4161 242 4212 17
264 4157 354 4226 puniri
377 4158 447 4224 quod
470 4174 523 4210 non
547 4159 646 4211 sociata
669 4175 746 4210 carne
770 4177 821 4213 om.
841 4160 868 4212 A
944 4160 976 4212 18
998 4155 1140 4210 bcneuolos
1162 4157 1190 4210 B
1267 4158 1297 4210 19
1322 4156 1349 4208 in

210 4262 260 4298 om.
279 4245 307 4297 A
377 4246 411 4298 20
435 4244 557 4312 desponit
576 4246 603 4298 A
666 4247 700 4298 24
728 4260 786 4296 earn
814 4245 878 4311 AB,
904 4243 985 4297 etiam
1015 4242 1065 4297 cer
1134 4243 1216 4312 priori
1243 4244 1351 4311 Aqu,

209 4331 310 4398 priores
328 4331 355 4383 Β
418 4329 544 4383 debeatur
562 4332 589 4384 A
654 4333 688 4385 25
707 4347 785 4398 quem
809 4333 874 4387 Urs:
892 4329 961 4398 quod
979 4330 1035 4384 AB
1097 4329 1278 4398 intelligamus
1301 4330 1352 4384 Urs

209 4419 243 4470 27
262 4417 468 4484 interpretemur
489 4421 540 4473 Urs
598 4421 632 4472 28
651 4417 685 4469 ad
704 4417 821 4469 animam
840 4419 866 4472 A
