<?xml version="1.0" encoding="UTF-8"?>
<!DOCTYPE html PUBLIC "-//W3C//DTD XHTML 1.0 Transitional//EN"
    "http://www.w3.org/TR/xhtml1/DTD/xhtml1-transitional.dtd">
<html xmlns="http://www.w3.org/1999/xhtml" xml:lang="en" lang="en">
 <head>
  <title>
</title>
<meta http-equiv="Content-Type" content="text/html;charset=utf-8" />
  <meta name='ocr-system' content='tesseract 3.04.00' />
  <meta name='ocr-capabilities' content='ocr_page ocr_carea ocr_par ocr_line ocrx_word'/>
</head>
<body>
  <div class='ocr_page' id='page_1' title='image "./corpusscriptoru24wissgoog/corpusscriptoru24wissgoog_0159.png"; bbox 0 0 3200 5034; ppageno 0'>
   <div class='ocr_carea' id='block_1_1' title="bbox 254 416 1165 487">
    <p class='ocr_par' dir='ltr' id='par_1_1' title="bbox 254 416 1165 487">
     <span class='ocr_line' id='line_1_1' title="bbox 254 416 1165 487; baseline -0.002 -13"><span class='ocrx_word' id='word_1_1' title='bbox 254 416 316 481; x_wconf 89' lang='grc'><strong>140</strong></span> <span class='ocrx_word' id='word_1_2' title='bbox 479 417 594 483; x_wconf 80' lang='lat' dir='ltr'><strong>Quinti</strong></span> <span class='ocrx_word' id='word_1_3' title='bbox 613 418 752 487; x_wconf 82' lang='lat' dir='ltr'><strong>Septimi</strong></span> <span class='ocrx_word' id='word_1_4' title='bbox 769 418 940 473; x_wconf 80' lang='lat' dir='ltr'><strong>Florentis</strong></span> <span class='ocrx_word' id='word_1_5' title='bbox 959 418 1165 473; x_wconf 77' lang='lat' dir='ltr'><strong>Tertulliani</strong></span> 
     </span>
    </p>
   </div>
   <div class='ocr_carea' id='block_1_2' title="bbox 195 594 1494 3498">
    <p class='ocr_par' dir='ltr' id='par_1_2' title="bbox 251 594 1399 995">
     <span class='ocr_line' id='line_1_2' title="bbox 251 594 1397 681; baseline 0.002 -23"><span class='ocrx_word' id='word_1_6' title='bbox 251 598 479 675; x_wconf 83' lang='lat' dir='ltr'><strong>postmortem</strong></span> <span class='ocrx_word' id='word_1_7' title='bbox 502 594 623 677; x_wconf 92' lang='lat' dir='ltr'><strong>cupido.</strong></span> <span class='ocrx_word' id='word_1_8' title='bbox 669 596 798 677; x_wconf 88' lang='lat' dir='ltr'><strong>longum</strong></span> <span class='ocrx_word' id='word_1_9' title='bbox 821 599 881 681; x_wconf 81' lang='lat' dir='ltr'><strong>,est</strong></span> <span class='ocrx_word' id='word_1_10' title='bbox 902 598 1049 680; x_wconf 71' lang='lat' dir='ltr'><strong>reteprere</strong></span> <span class='ocrx_word' id='word_1_11' title='bbox 1067 595 1189 660; x_wconf 78' lang='lat' dir='ltr'><strong>Curtios</strong></span> <span class='ocrx_word' id='word_1_12' title='bbox 1213 599 1245 660; x_wconf 88' lang='lat' dir='ltr'><strong>et</strong></span> <span class='ocrx_word' id='word_1_13' title='bbox 1260 596 1397 680; x_wconf 78' lang='lat' dir='ltr'>Regulos</span> 
     </span>
     <span class='ocr_line' id='line_1_3' title="bbox 251 698 1398 785; baseline 0.002 -22"><span class='ocrx_word' id='word_1_14' title='bbox 251 700 303 764; x_wconf 92' lang='lat' dir='ltr'><strong>uel</strong></span> <span class='ocrx_word' id='word_1_15' title='bbox 331 698 468 763; x_wconf 85' lang='lat' dir='ltr'><strong>Graecos</strong></span> <span class='ocrx_word' id='word_1_16' title='bbox 499 700 598 779; x_wconf 76' lang='lat' dir='ltr'><strong>unos,</strong></span> <span class='ocrx_word' id='word_1_17' title='bbox 634 717 766 782; x_wconf 87' lang='lat' dir='ltr'><strong>quorum</strong></span> <span class='ocrx_word' id='word_1_18' title='bbox 797 700 1059 785; x_wconf 65' lang='lat' dir='ltr'><strong>innumerabilia</strong></span> <span class='ocrx_word' id='word_1_19' title='bbox 1090 701 1191 783; x_wconf 84' lang='lat' dir='ltr'><strong>elogia</strong></span> <span class='ocrx_word' id='word_1_20' title='bbox 1221 704 1295 765; x_wconf 88' lang='lat' dir='ltr'><strong>sunt</strong></span> <span class='ocrx_word' id='word_1_21' title='bbox 1324 719 1398 765; x_wconf 87' lang='lat' dir='ltr'><strong>cou-</strong></span> 
     </span>
     <span class='ocr_line' id='line_1_4' title="bbox 251 804 1398 890; baseline 0.002 -23"><span class='ocrx_word' id='word_1_22' title='bbox 251 806 389 886; x_wconf 91' lang='lat' dir='ltr'><strong>temptae</strong></span> <span class='ocrx_word' id='word_1_23' title='bbox 417 804 527 868; x_wconf 90' lang='lat' dir='ltr'><strong>mortis</strong></span> <span class='ocrx_word' id='word_1_24' title='bbox 554 809 680 888; x_wconf 91' lang='lat' dir='ltr'><strong>propter</strong></span> <span class='ocrx_word' id='word_1_25' title='bbox 706 807 888 885; x_wconf 84' lang='lat' dir='ltr'><strong>postumam</strong></span> <span class='ocrx_word' id='word_1_26' title='bbox 915 805 1053 888; x_wconf 73' lang='lat' dir='ltr'><strong>famam.</strong></span> <span class='ocrx_word' id='word_1_27' title='bbox 1105 805 1185 890; x_wconf 84' lang='lat' dir='ltr'><strong>quie,</strong></span> <span class='ocrx_word' id='word_1_28' title='bbox 1214 823 1281 869; x_wconf 94' lang='lat' dir='ltr'><strong>uon.</strong></span> <span class='ocrx_word' id='word_1_29' title='bbox 1306 806 1398 870; x_wconf 92' lang='lat' dir='ltr'><strong>hodie</strong></span> 
     </span>
     <span class='ocr_line' id='line_1_5' title="bbox 251 909 1399 995; baseline 0.002 -24"><span class='ocrx_word' id='word_1_30' title='bbox 251 909 419 972; x_wconf 85' lang='lat' dir='ltr'><strong>memoriae</strong></span> <span class='ocrx_word' id='word_1_31' title='bbox 441 911 514 990; x_wconf 91' lang='lat' dir='ltr'><strong>post</strong></span> <span class='ocrx_word' id='word_1_32' title='bbox 536 912 671 972; x_wconf 89' lang='lat' dir='ltr'><strong>mortem</strong></span> <span class='ocrx_word' id='word_1_33' title='bbox 692 909 939 991; x_wconf 78' lang='lat' dir='ltr'><strong>frequentandae</strong></span> <span class='ocrx_word' id='word_1_34' title='bbox 962 910 1006 973; x_wconf 89' lang='lat' dir='ltr'><strong>ita</strong></span> <span class='ocrx_word' id='word_1_35' title='bbox 1024 910 1159 995; x_wconf 82' lang='lat' dir='ltr'><strong>,studct„</strong></span> <span class='ocrx_word' id='word_1_36' title='bbox 1182 913 1217 973; x_wconf 90' lang='lat' dir='ltr'><strong>ut</strong></span> <span class='ocrx_word' id='word_1_37' title='bbox 1239 910 1290 973; x_wconf 90' lang='lat' dir='ltr'><strong>uel</strong></span> <span class='ocrx_word' id='word_1_38' title='bbox 1312 910 1399 973; x_wconf 91' lang='lat' dir='ltr'><strong>litte-</strong></span> 
     </span>
    </p>

    <p class='ocr_par' dir='ltr' id='par_1_3' title="bbox 210 1011 1399 1514">
     <span class='ocr_line' id='line_1_6' title="bbox 210 1011 1398 1098; baseline 0.001 -22"><span class='ocrx_word' id='word_1_39' title='bbox 210 1038 223 1077; x_wconf 75' lang='grc'><strong>1</strong></span> <span class='ocrx_word' id='word_1_40' title='bbox 250 1015 374 1075; x_wconf 80' lang='lat' dir='ltr'><strong>naturae</strong></span> <span class='ocrx_word' id='word_1_41' title='bbox 397 1011 542 1094; x_wconf 87' lang='lat' dir='ltr'><strong>operibus</strong></span> <span class='ocrx_word' id='word_1_42' title='bbox 561 1014 613 1076; x_wconf 90' lang='lat' dir='ltr'><strong>uel</strong></span> <span class='ocrx_word' id='word_1_43' title='bbox 634 1013 766 1095; x_wconf 81' lang='lat' dir='ltr'><strong>simplici</strong></span> <span class='ocrx_word' id='word_1_44' title='bbox 785 1014 877 1077; x_wconf 83' lang='lat' dir='ltr'><strong>lande</strong></span> <span class='ocrx_word' id='word_1_45' title='bbox 899 1032 1022 1077; x_wconf 89' lang='lat' dir='ltr'><strong>morum</strong></span> <span class='ocrx_word' id='word_1_46' title='bbox 1041 1015 1103 1098; x_wconf 77' lang='lat' dir='ltr'><strong>,uel</strong></span> <span class='ocrx_word' id='word_1_47' title='bbox 1124 1015 1274 1098; x_wconf 85' lang='lat' dir='ltr'><strong>ipsorum,</strong></span> <span class='ocrx_word' id='word_1_48' title='bbox 1293 1015 1398 1097; x_wconf 91' lang='lat' dir='ltr'><strong>sepul-</strong></span> 
     </span>
     <span class='ocr_line' id='line_1_7' title="bbox 251 1115 1399 1202; baseline 0.001 -22"><span class='ocrx_word' id='word_1_49' title='bbox 251 1134 375 1181; x_wconf 90' lang='lat' dir='ltr'><strong>crorum</strong></span> <span class='ocrx_word' id='word_1_50' title='bbox 403 1115 573 1180; x_wconf 85' lang='lat' dir='ltr'><strong>ambitione</strong></span> <span class='ocrx_word' id='word_1_51' title='bbox 600 1134 715 1181; x_wconf 89' lang='lat' dir='ltr'><strong>nomeu</strong></span> <span class='ocrx_word' id='word_1_52' title='bbox 746 1136 839 1181; x_wconf 88' lang='lat' dir='ltr'><strong>suurn</strong></span> <span class='ocrx_word' id='word_1_53' title='bbox 868 1121 992 1182; x_wconf 80' lang='lat' dir='ltr'><strong>seruet?</strong></span> <span class='ocrx_word' id='word_1_54' title='bbox 1038 1119 1120 1181; x_wconf 92' lang='lat' dir='ltr'><strong>uude</strong></span> <span class='ocrx_word' id='word_1_55' title='bbox 1149 1118 1281 1202; x_wconf 75' lang='lat' dir='ltr'><strong>animae</strong></span> <span class='ocrx_word' id='word_1_56' title='bbox 1307 1118 1399 1182; x_wconf 90' lang='lat' dir='ltr'><strong>hodie</strong></span> 
     </span>
     <span class='ocr_line' id='line_1_8' title="bbox 251 1221 1398 1307; baseline 0.001 -22"><span class='ocrx_word' id='word_1_57' title='bbox 251 1221 408 1306; x_wconf 83' lang='lat' dir='ltr'><strong>cf,fectare</strong></span> <span class='ocrx_word' id='word_1_58' title='bbox 437 1221 554 1303; x_wconf 88' lang='lat' dir='ltr'><strong>aliquid</strong></span> <span class='ocrx_word' id='word_1_59' title='bbox 583 1221 665 1303; x_wconf 92' lang='lat' dir='ltr'><strong>quod</strong></span> <span class='ocrx_word' id='word_1_60' title='bbox 692 1222 770 1285; x_wconf 88' lang='lat' dir='ltr'><strong>uelit</strong></span> <span class='ocrx_word' id='word_1_61' title='bbox 796 1226 869 1305; x_wconf 88' lang='lat' dir='ltr'><strong>post</strong></span> <span class='ocrx_word' id='word_1_62' title='bbox 895 1226 1030 1286; x_wconf 90' lang='lat' dir='ltr'><strong>mortem</strong></span> <span class='ocrx_word' id='word_1_63' title='bbox 1059 1226 1090 1286; x_wconf 90' lang='lat' dir='ltr'><strong>et</strong></span> <span class='ocrx_word' id='word_1_64' title='bbox 1115 1226 1286 1307; x_wconf 68' lang='lat' dir='ltr'><strong>tantopere</strong></span> <span class='ocrx_word' id='word_1_65' title='bbox 1308 1241 1398 1305; x_wconf 89' lang='lat' dir='ltr'><strong>prae-</strong></span> 
     </span>
     <span class='ocr_line' id='line_1_9' title="bbox 249 1325 1397 1412; baseline 0.002 -23"><span class='ocrx_word' id='word_1_66' title='bbox 249 1343 369 1410; x_wconf 69' lang='lat' dir='ltr'><strong>parare</strong></span> <span class='ocrx_word' id='word_1_67' title='bbox 392 1343 470 1407; x_wconf 91' lang='lat' dir='ltr'><strong>quae</strong></span> <span class='ocrx_word' id='word_1_68' title='bbox 494 1327 535 1390; x_wconf 91' lang='lat' dir='ltr'><strong>sit</strong></span> <span class='ocrx_word' id='word_1_69' title='bbox 557 1344 652 1389; x_wconf 87' lang='lat' dir='ltr'><strong>usura</strong></span> <span class='ocrx_word' id='word_1_70' title='bbox 674 1330 747 1407; x_wconf 88' lang='lat' dir='ltr'><strong>post</strong></span> <span class='ocrx_word' id='word_1_71' title='bbox 770 1325 914 1390; x_wconf 81' lang='lat' dir='ltr'><strong>obitum?</strong></span> <span class='ocrx_word' id='word_1_72' title='bbox 959 1328 1039 1391; x_wconf 90' lang='lat' dir='ltr'><strong>nihil</strong></span> <span class='ocrx_word' id='word_1_73' title='bbox 1067 1328 1175 1408; x_wconf 91' lang='lat' dir='ltr'><strong>utique</strong></span> <span class='ocrx_word' id='word_1_74' title='bbox 1203 1326 1397 1412; x_wconf 69' lang='lat' dir='ltr'><strong>depectere</strong></span> 
     </span>
     <span class='ocr_line' id='line_1_10' title="bbox 250 1429 1399 1514; baseline 0.003 -22"><span class='ocrx_word' id='word_1_75' title='bbox 250 1432 392 1514; x_wconf 89' lang='lat' dir='ltr'><strong>curaret„</strong></span> <span class='ocrx_word' id='word_1_76' title='bbox 417 1430 443 1493; x_wconf 88' lang='lat' dir='ltr'><strong>si</strong></span> <span class='ocrx_word' id='word_1_77' title='bbox 466 1430 543 1492; x_wconf 92' lang='lat' dir='ltr'><strong>nihil</strong></span> <span class='ocrx_word' id='word_1_78' title='bbox 567 1429 604 1492; x_wconf 92' lang='lat' dir='ltr'><strong>de</strong></span> <span class='ocrx_word' id='word_1_79' title='bbox 627 1434 753 1513; x_wconf 91' lang='lat' dir='ltr'><strong>postero</strong></span> <span class='ocrx_word' id='word_1_80' title='bbox 777 1431 881 1494; x_wconf 89' lang='lat' dir='ltr'><strong>sciret.</strong></span> <span class='ocrx_word' id='word_1_81' title='bbox 921 1431 975 1494; x_wconf 89' lang='lat' dir='ltr'><strong>sed</strong></span> <span class='ocrx_word' id='word_1_82' title='bbox 994 1431 1126 1495; x_wconf 86' lang='lat' dir='ltr'><strong>forsitan</strong></span> <span class='ocrx_word' id='word_1_83' title='bbox 1147 1431 1185 1495; x_wconf 92' lang='lat' dir='ltr'><strong>dc</strong></span> <span class='ocrx_word' id='word_1_84' title='bbox 1209 1450 1303 1495; x_wconf 88' lang='lat' dir='ltr'><strong>sensu</strong></span> <span class='ocrx_word' id='word_1_85' title='bbox 1325 1436 1399 1514; x_wconf 92' lang='lat' dir='ltr'><strong>post</strong></span> 
     </span>
    </p>

    <p class='ocr_par' dir='ltr' id='par_1_4' title="bbox 198 1534 1494 2024">
     <span class='ocr_line' id='line_1_11' title="bbox 198 1534 1397 1621; baseline 0.003 -25"><span class='ocrx_word' id='word_1_86' title='bbox 198 1557 223 1596; x_wconf 83' lang='grc' dir='ltr'><strong>(ο</strong></span> <span class='ocrx_word' id='word_1_87' title='bbox 250 1552 430 1619; x_wconf 70' lang='lat' dir='ltr'><strong>excessum,</strong></span> <span class='ocrx_word' id='word_1_88' title='bbox 456 1534 504 1598; x_wconf 90' lang='lat' dir='ltr'><strong>tui</strong></span> <span class='ocrx_word' id='word_1_89' title='bbox 531 1535 643 1599; x_wconf 82' lang='lat' dir='ltr'><strong>certior</strong></span> <span class='ocrx_word' id='word_1_90' title='bbox 671 1536 713 1598; x_wconf 90' lang='lat' dir='ltr'><strong>sis</strong></span> <span class='ocrx_word' id='word_1_91' title='bbox 742 1553 837 1616; x_wconf 85' lang='lat' dir='ltr'><strong>quarn</strong></span> <span class='ocrx_word' id='word_1_92' title='bbox 866 1536 904 1599; x_wconf 93' lang='lat' dir='ltr'><strong>dc</strong></span> <span class='ocrx_word' id='word_1_93' title='bbox 930 1536 1158 1600; x_wconf 89' lang='lat' dir='ltr'><strong>resurrectione</strong></span> <span class='ocrx_word' id='word_1_94' title='bbox 1190 1536 1397 1621; x_wconf 82' lang='lat' dir='ltr'><strong>quandoq,uc,</strong></span> 
     </span>
     <span class='ocr_line' id='line_1_12' title="bbox 250 1639 1396 1724; baseline 0.002 -23"><span class='ocrx_word' id='word_1_95' title='bbox 250 1639 338 1702; x_wconf 88' lang='lat' dir='ltr'><strong>cuius</strong></span> <span class='ocrx_word' id='word_1_96' title='bbox 366 1655 432 1723; x_wconf 80' lang='lat' dir='ltr'><strong>noc,</strong></span> <span class='ocrx_word' id='word_1_97' title='bbox 454 1642 707 1721; x_wconf 84' lang='lat' dir='ltr'><strong>praesumptores</strong></span> <span class='ocrx_word' id='word_1_98' title='bbox 736 1640 930 1704; x_wconf 88' lang='lat' dir='ltr'><strong>denotamur.</strong></span> <span class='ocrx_word' id='word_1_99' title='bbox 977 1640 1085 1721; x_wconf 87' lang='lat' dir='ltr'><strong>atquin</strong></span> <span class='ocrx_word' id='word_1_100' title='bbox 1113 1641 1172 1704; x_wconf 91' lang='lat' dir='ltr'><strong>hoc</strong></span> <span class='ocrx_word' id='word_1_101' title='bbox 1199 1658 1331 1724; x_wconf 76' lang='lat' dir='ltr'><strong>quoque</strong></span> <span class='ocrx_word' id='word_1_102' title='bbox 1358 1639 1396 1703; x_wconf 87' lang='lat' dir='ltr'><strong>ab</strong></span> 
     </span>
     <span class='ocr_line' id='line_1_13' title="bbox 250 1743 1398 1829; baseline 0 -22"><span class='ocrx_word' id='word_1_103' title='bbox 250 1743 364 1827; x_wconf 81' lang='lat' dir='ltr'><strong>anima,</strong></span> <span class='ocrx_word' id='word_1_104' title='bbox 385 1743 591 1826; x_wconf 89' lang='lat' dir='ltr'><strong>praedicatur.</strong></span> <span class='ocrx_word' id='word_1_105' title='bbox 638 1762 712 1807; x_wconf 91' lang='lat' dir='ltr'><strong>nam</strong></span> <span class='ocrx_word' id='word_1_106' title='bbox 743 1745 769 1807; x_wconf 83' lang='lat' dir='ltr'><strong>si</strong></span> <span class='ocrx_word' id='word_1_107' title='bbox 801 1745 839 1808; x_wconf 91' lang='lat' dir='ltr'><strong>de</strong></span> <span class='ocrx_word' id='word_1_108' title='bbox 868 1745 972 1825; x_wconf 88' lang='lat' dir='ltr'><strong>aliquo</strong></span> <span class='ocrx_word' id='word_1_109' title='bbox 999 1744 1063 1808; x_wconf 89' lang='lat' dir='ltr'><strong>iam</strong></span> <span class='ocrx_word' id='word_1_110' title='bbox 1090 1744 1212 1826; x_wconf 87' lang='lat' dir='ltr'><strong>pridem</strong></span> <span class='ocrx_word' id='word_1_111' title='bbox 1241 1744 1398 1829; x_wconf 71' lang='lat' dir='ltr'><strong>defuncto</strong></span> 
     </span>
     <span class='ocr_line' id='line_1_14' title="bbox 248 1848 1494 1932; baseline -0.003 -21"><span class='ocrx_word' id='word_1_112' title='bbox 248 1851 409 1932; x_wconf 86' lang='lat' dir='ltr'><strong>tanquam,</strong></span> <span class='ocrx_word' id='word_1_113' title='bbox 428 1849 432 1927; x_wconf 86' lang='grc' dir='ltr'>Ι</span> <span class='ocrx_word' id='word_1_114' title='bbox 454 1848 491 1910; x_wconf 94' lang='lat' dir='ltr'><strong>de</strong></span> <span class='ocrx_word' id='word_1_115' title='bbox 519 1848 591 1911; x_wconf 92' lang='lat' dir='ltr'><strong>uiuo</strong></span> <span class='ocrx_word' id='word_1_116' title='bbox 620 1848 690 1929; x_wconf 88' lang='lat' dir='ltr'><strong>quis</strong></span> <span class='ocrx_word' id='word_1_117' title='bbox 717 1848 866 1929; x_wconf 91' lang='lat' dir='ltr'><strong>requirat,</strong></span> <span class='ocrx_word' id='word_1_118' title='bbox 894 1866 969 1931; x_wconf 90' lang='lat' dir='ltr'><strong>prae</strong></span> <span class='ocrx_word' id='word_1_119' title='bbox 997 1866 1094 1912; x_wconf 91' lang='lat' dir='ltr'><strong>mauu</strong></span> <span class='ocrx_word' id='word_1_120' title='bbox 1121 1848 1256 1912; x_wconf 91' lang='lat' dir='ltr'><strong>occurrit</strong></span> <span class='ocrx_word' id='word_1_121' title='bbox 1286 1848 1398 1928; x_wconf 85' lang='lat' dir='ltr'><strong>dicere,</strong></span> <span class='ocrx_word' id='word_1_122' title='bbox 1417 1853 1494 1908; x_wconf 74' lang='grc' dir='ltr'><strong>114ν</strong></span> 
     </span>
     <span class='ocr_line' id='line_1_15' title="bbox 248 1950 820 2024; baseline 0.002 -9"><span class='ocrx_word' id='word_1_123' title='bbox 248 1951 356 2016; x_wconf 86' lang='lat' dir='ltr'><strong>Abiit</strong></span> <span class='ocrx_word' id='word_1_124' title='bbox 377 1952 451 2015; x_wconf 88' lang='lat' dir='ltr'><strong>iam</strong></span> <span class='ocrx_word' id='word_1_125' title='bbox 474 1955 510 2015; x_wconf 93' lang='lat' dir='ltr'><strong>et</strong></span> <span class='ocrx_word' id='word_1_126' title='bbox 531 1952 675 2024; x_wconf 87' lang='lat' dir='ltr'><strong>reuerti</strong></span> <span class='ocrx_word' id='word_1_127' title='bbox 698 1950 820 2016; x_wconf 90' lang='lat' dir='ltr'><strong>debet.</strong></span> 
     </span>
    </p>

    <p class='ocr_par' dir='ltr' id='par_1_5' title="bbox 198 2054 1398 2559">
     <span class='ocr_line' id='line_1_16' title="bbox 198 2054 1396 2139; baseline 0.001 -20"><span class='ocrx_word' id='word_1_128' title='bbox 198 2079 222 2119; x_wconf 82' lang='lat'><strong>15</strong></span> <span class='ocrx_word' id='word_1_129' title='bbox 292 2054 322 2120; x_wconf 84' lang='lat'><strong>5.</strong></span> <span class='ocrx_word' id='word_1_130' title='bbox 353 2056 441 2120; x_wconf 86' lang='lat' dir='ltr'><strong>Haec</strong></span> <span class='ocrx_word' id='word_1_131' title='bbox 471 2055 652 2120; x_wconf 87' lang='lat' dir='ltr'><strong>testimonia</strong></span> <span class='ocrx_word' id='word_1_132' title='bbox 683 2056 807 2120; x_wconf 88' lang='lat' dir='ltr'><strong>animae</strong></span> <span class='ocrx_word' id='word_1_133' title='bbox 837 2059 954 2137; x_wconf 88' lang='lat' dir='ltr'><strong>quanto</strong></span> <span class='ocrx_word' id='word_1_134' title='bbox 985 2075 1076 2137; x_wconf 88' lang='lat' dir='ltr'><strong>uera,</strong></span> <span class='ocrx_word' id='word_1_135' title='bbox 1110 2060 1198 2121; x_wconf 88' lang='lat' dir='ltr'><strong>tanto</strong></span> <span class='ocrx_word' id='word_1_136' title='bbox 1230 2056 1396 2139; x_wconf 89' lang='lat' dir='ltr'><strong>simplicia,</strong></span> 
     </span>
     <span class='ocr_line' id='line_1_17' title="bbox 249 2159 1396 2244; baseline -0.001 -19"><span class='ocrx_word' id='word_1_137' title='bbox 249 2164 365 2243; x_wconf 86' lang='lat' dir='ltr'><strong>quanto</strong></span> <span class='ocrx_word' id='word_1_138' title='bbox 382 2159 544 2242; x_wconf 87' lang='lat' dir='ltr'><strong>simplicia,</strong></span> <span class='ocrx_word' id='word_1_139' title='bbox 564 2163 654 2224; x_wconf 87' lang='lat' dir='ltr'><strong>tanto</strong></span> <span class='ocrx_word' id='word_1_140' title='bbox 671 2160 825 2243; x_wconf 87' lang='lat' dir='ltr'><strong>uulgaria,</strong></span> <span class='ocrx_word' id='word_1_141' title='bbox 846 2164 964 2243; x_wconf 89' lang='lat' dir='ltr'><strong>quanto</strong></span> <span class='ocrx_word' id='word_1_142' title='bbox 980 2161 1131 2244; x_wconf 86' lang='lat' dir='ltr'><strong>uulgaria,</strong></span> <span class='ocrx_word' id='word_1_143' title='bbox 1148 2165 1238 2225; x_wconf 88' lang='lat' dir='ltr'><strong>tanto</strong></span> <span class='ocrx_word' id='word_1_144' title='bbox 1254 2178 1396 2226; x_wconf 89' lang='lat' dir='ltr'><strong>commu-</strong></span> 
     </span>
     <span class='ocr_line' id='line_1_18' title="bbox 248 2264 1396 2350; baseline 0 -21"><span class='ocrx_word' id='word_1_145' title='bbox 248 2264 311 2345; x_wconf 86' lang='lat' dir='ltr'><strong>nia,</strong></span> <span class='ocrx_word' id='word_1_146' title='bbox 335 2267 451 2345; x_wconf 88' lang='lat' dir='ltr'><strong>quanto</strong></span> <span class='ocrx_word' id='word_1_147' title='bbox 468 2264 656 2344; x_wconf 87' lang='lat' dir='ltr'><strong>communia,</strong></span> <span class='ocrx_word' id='word_1_148' title='bbox 674 2264 1096 2350; x_wconf 63' lang='grc'><strong>11111111111111,(11111111</strong></span> <span class='ocrx_word' id='word_1_149' title='bbox 1119 2266 1283 2346; x_wconf 88' lang='lat' dir='ltr'><strong>naturalia,</strong></span> <span class='ocrx_word' id='word_1_150' title='bbox 1307 2269 1396 2329; x_wconf 88' lang='lat' dir='ltr'><strong>tanto</strong></span> 
     </span>
     <span class='ocr_line' id='line_1_19' title="bbox 248 2369 1398 2453; baseline 0.002 -22"><span class='ocrx_word' id='word_1_151' title='bbox 248 2369 364 2433; x_wconf 88' lang='lat' dir='ltr'><strong>diuina.</strong></span> <span class='ocrx_word' id='word_1_152' title='bbox 411 2387 473 2433; x_wconf 93' lang='lat' dir='ltr'><strong>uon</strong></span> <span class='ocrx_word' id='word_1_153' title='bbox 497 2371 574 2449; x_wconf 94' lang='lat' dir='ltr'><strong>puto</strong></span> <span class='ocrx_word' id='word_1_154' title='bbox 599 2369 746 2451; x_wconf 87' lang='lat' dir='ltr'><strong>cuiquam</strong></span> <span class='ocrx_word' id='word_1_155' title='bbox 771 2369 886 2433; x_wconf 85' lang='lat' dir='ltr'><strong>friuola</strong></span> <span class='ocrx_word' id='word_1_156' title='bbox 911 2373 942 2433; x_wconf 92' lang='lat' dir='ltr'><strong>et</strong></span> <span class='ocrx_word' id='word_1_157' title='bbox 965 2369 1099 2433; x_wconf 90' lang='lat' dir='ltr'><strong>ridicula</strong></span> <span class='ocrx_word' id='word_1_158' title='bbox 1123 2370 1222 2433; x_wconf 89' lang='lat' dir='ltr'><strong>uideri</strong></span> <span class='ocrx_word' id='word_1_159' title='bbox 1244 2388 1346 2453; x_wconf 90' lang='lat' dir='ltr'><strong>posse,</strong></span> <span class='ocrx_word' id='word_1_160' title='bbox 1370 2370 1398 2433; x_wconf 91' lang='lat' dir='ltr'><strong>si</strong></span> 
     </span>
     <span class='ocr_line' id='line_1_20' title="bbox 246 2473 1396 2559; baseline -0.001 -21"><span class='ocrx_word' id='word_1_161' title='bbox 246 2474 400 2558; x_wconf 83' lang='lat' dir='ltr'><strong>recogitet</strong></span> <span class='ocrx_word' id='word_1_162' title='bbox 422 2477 553 2537; x_wconf 86' lang='lat' dir='ltr'><strong>naturae</strong></span> <span class='ocrx_word' id='word_1_163' title='bbox 574 2474 785 2554; x_wconf 87' lang='lat' dir='ltr'><strong>maiestatem,</strong></span> <span class='ocrx_word' id='word_1_164' title='bbox 811 2494 847 2537; x_wconf 86' lang='lat' dir='ltr'><strong>ex</strong></span> <span class='ocrx_word' id='word_1_165' title='bbox 870 2492 933 2555; x_wconf 89' lang='lat' dir='ltr'><strong>qua</strong></span> <span class='ocrx_word' id='word_1_166' title='bbox 952 2477 1105 2559; x_wconf 72' lang='lat' dir='ltr'><strong>censetur</strong></span> <span class='ocrx_word' id='word_1_167' title='bbox 1129 2476 1306 2559; x_wconf 66' lang='lat' dir='ltr'><strong>auctoritas</strong></span> <span class='ocrx_word' id='word_1_168' title='bbox 1330 2473 1396 2537; x_wconf 90' lang='lat' dir='ltr'><strong>ani-</strong></span> 
     </span>
    </p>

    <p class='ocr_par' dir='ltr' id='par_1_6' title="bbox 195 2577 1397 3080">
     <span class='ocr_line' id='line_1_21' title="bbox 195 2577 1395 2665; baseline 0.002 -26"><span class='ocrx_word' id='word_1_169' title='bbox 195 2601 221 2640; x_wconf 68' lang='lat' dir='ltr'><strong>no</strong></span> <span class='ocrx_word' id='word_1_170' title='bbox 248 2597 327 2643; x_wconf 89' lang='lat' dir='ltr'><strong>mae.</strong></span> <span class='ocrx_word' id='word_1_171' title='bbox 352 2585 505 2661; x_wconf 88' lang='lat' dir='ltr'><strong>quantum</strong></span> <span class='ocrx_word' id='word_1_172' title='bbox 522 2577 644 2641; x_wconf 87' lang='lat' dir='ltr'><strong>dederis</strong></span> <span class='ocrx_word' id='word_1_173' title='bbox 657 2580 839 2662; x_wconf 86' lang='lat' dir='ltr'><strong>magistrae,</strong></span> <span class='ocrx_word' id='word_1_174' title='bbox 852 2582 978 2643; x_wconf 86' lang='lat' dir='ltr'><strong>tanturn</strong></span> <span class='ocrx_word' id='word_1_175' title='bbox 989 2578 1200 2665; x_wconf 61' lang='lat' dir='ltr'><strong>,adiudicabis</strong></span> <span class='ocrx_word' id='word_1_176' title='bbox 1214 2578 1395 2661; x_wconf 89' lang='lat' dir='ltr'><strong>discipulae.</strong></span> 
     </span>
     <span class='ocr_line' id='line_1_22' title="bbox 247 2681 1397 2769; baseline -0.001 -22"><span class='ocrx_word' id='word_1_177' title='bbox 247 2682 399 2766; x_wconf 88' lang='lat' dir='ltr'><strong>magistra</strong></span> <span class='ocrx_word' id='word_1_178' title='bbox 427 2686 548 2763; x_wconf 86' lang='lat' dir='ltr'><strong>natura,</strong></span> <span class='ocrx_word' id='word_1_179' title='bbox 577 2684 682 2747; x_wconf 88' lang='lat' dir='ltr'><strong>anima</strong></span> <span class='ocrx_word' id='word_1_180' title='bbox 710 2682 872 2766; x_wconf 87' lang='lat' dir='ltr'><strong>discipula.</strong></span> <span class='ocrx_word' id='word_1_181' title='bbox 917 2683 1084 2769; x_wconf 68' lang='lat' dir='ltr'><strong>,quicffiuid</strong></span> <span class='ocrx_word' id='word_1_182' title='bbox 1112 2687 1167 2747; x_wconf 86' lang='lat' dir='ltr'><strong>aut</strong></span> <span class='ocrx_word' id='word_1_183' title='bbox 1194 2684 1249 2747; x_wconf 89' lang='lat' dir='ltr'><strong>illa</strong></span> <span class='ocrx_word' id='word_1_184' title='bbox 1271 2681 1397 2746; x_wconf 90' lang='lat' dir='ltr'><strong>edocuit</strong></span> 
     </span>
     <span class='ocr_line' id='line_1_23' title="bbox 248 2787 1396 2873; baseline -0.001 -22"><span class='ocrx_word' id='word_1_185' title='bbox 248 2790 302 2851; x_wconf 87' lang='lat' dir='ltr'><strong>aut</strong></span> <span class='ocrx_word' id='word_1_186' title='bbox 320 2788 381 2851; x_wconf 88' lang='lat' dir='ltr'><strong>ista</strong></span> <span class='ocrx_word' id='word_1_187' title='bbox 401 2787 575 2870; x_wconf 87' lang='lat' dir='ltr'><strong>perdidicit,</strong></span> <span class='ocrx_word' id='word_1_188' title='bbox 599 2806 617 2851; x_wconf 90' lang='grc'><strong>1</strong></span> <span class='ocrx_word' id='word_1_189' title='bbox 637 2787 694 2851; x_wconf 87' lang='grc'><strong>(111</strong></span> <span class='ocrx_word' id='word_1_190' title='bbox 714 2787 874 2873; x_wconf 69' lang='lat' dir='ltr'><strong>traditum</strong></span> <span class='ocrx_word' id='word_1_191' title='bbox 896 2791 955 2868; x_wconf 87' lang='lat' dir='ltr'><strong>est,</strong></span> <span class='ocrx_word' id='word_1_192' title='bbox 979 2787 1140 2871; x_wconf 77' lang='lat' dir='ltr'><strong>magistro</strong></span> <span class='ocrx_word' id='word_1_193' title='bbox 1162 2787 1282 2851; x_wconf 87' lang='lat' dir='ltr'><strong>seilicet</strong></span> <span class='ocrx_word' id='word_1_194' title='bbox 1296 2788 1396 2869; x_wconf 89' lang='lat' dir='ltr'><strong>ipsius</strong></span> 
     </span>
     <span class='ocr_line' id='line_1_24' title="bbox 248 2891 1396 2976; baseline 0 -22"><span class='ocrx_word' id='word_1_195' title='bbox 248 2891 427 2974; x_wconf 85' lang='lat' dir='ltr'><strong>magistrae.</strong></span> <span class='ocrx_word' id='word_1_196' title='bbox 473 2892 548 2973; x_wconf 87' lang='lat' dir='ltr'><strong>quid</strong></span> <span class='ocrx_word' id='word_1_197' title='bbox 575 2892 681 2956; x_wconf 89' lang='lat' dir='ltr'><strong>anima</strong></span> <span class='ocrx_word' id='word_1_198' title='bbox 707 2892 817 2976; x_wconf 68' lang='lat' dir='ltr'><strong>possit</strong></span> <span class='ocrx_word' id='word_1_199' title='bbox 845 2892 883 2955; x_wconf 94' lang='lat' dir='ltr'><strong>de</strong></span> <span class='ocrx_word' id='word_1_200' title='bbox 909 2892 1083 2976; x_wconf 87' lang='lat' dir='ltr'><strong>principali</strong></span> <span class='ocrx_word' id='word_1_201' title='bbox 1104 2892 1284 2956; x_wconf 88' lang='lat' dir='ltr'><strong>institutore</strong></span> <span class='ocrx_word' id='word_1_202' title='bbox 1306 2909 1396 2974; x_wconf 90' lang='lat' dir='ltr'><strong>prae-</strong></span> 
     </span>
     <span class='ocr_line' id='line_1_25' title="bbox 248 2995 1396 3080; baseline 0.001 -22"><span class='ocrx_word' id='word_1_203' title='bbox 248 3014 381 3076; x_wconf 88' lang='lat' dir='ltr'><strong>sumere,</strong></span> <span class='ocrx_word' id='word_1_204' title='bbox 404 2996 438 3059; x_wconf 92' lang='lat' dir='ltr'><strong>iu</strong></span> <span class='ocrx_word' id='word_1_205' title='bbox 457 2999 488 3060; x_wconf 91' lang='lat' dir='ltr'><strong>te</strong></span> <span class='ocrx_word' id='word_1_206' title='bbox 510 2999 558 3060; x_wconf 90' lang='lat' dir='ltr'><strong>est</strong></span> <span class='ocrx_word' id='word_1_207' title='bbox 580 2997 746 3061; x_wconf 89' lang='lat' dir='ltr'><strong>aestimare</strong></span> <span class='ocrx_word' id='word_1_208' title='bbox 766 2996 815 3080; x_wconf 80' lang='lat' dir='ltr'><strong>,de</strong></span> <span class='ocrx_word' id='word_1_209' title='bbox 836 3014 873 3060; x_wconf 94' lang='lat' dir='ltr'><strong>ea</strong></span> <span class='ocrx_word' id='word_1_210' title='bbox 893 3014 971 3077; x_wconf 90' lang='lat' dir='ltr'><strong>quae</strong></span> <span class='ocrx_word' id='word_1_211' title='bbox 991 2997 1035 3080; x_wconf 89' lang='lat' dir='ltr'><strong>in,</strong></span> <span class='ocrx_word' id='word_1_212' title='bbox 1054 3000 1085 3060; x_wconf 92' lang='lat' dir='ltr'><strong>te</strong></span> <span class='ocrx_word' id='word_1_213' title='bbox 1106 2998 1163 3059; x_wconf 90' lang='lat' dir='ltr'><strong>cst.</strong></span> <span class='ocrx_word' id='word_1_214' title='bbox 1202 2996 1285 3060; x_wconf 90' lang='lat' dir='ltr'><strong>senti</strong></span> <span class='ocrx_word' id='word_1_215' title='bbox 1307 2995 1396 3059; x_wconf 90' lang='lat' dir='ltr'><strong>illam</strong></span> 
     </span>
    </p>

    <p class='ocr_par' dir='ltr' id='par_1_7' title="bbox 196 3100 1396 3498">
     <span class='ocr_line' id='line_1_26' title="bbox 196 3100 1396 3186; baseline 0 -23"><span class='ocrx_word' id='word_1_216' title='bbox 196 3125 221 3165; x_wconf 78' lang='lat'><strong>25</strong></span> <span class='ocrx_word' id='word_1_217' title='bbox 248 3118 328 3182; x_wconf 87' lang='lat' dir='ltr'><strong>quae</strong></span> <span class='ocrx_word' id='word_1_218' title='bbox 351 3103 387 3164; x_wconf 87' lang='lat' dir='ltr'><strong>ut</strong></span> <span class='ocrx_word' id='word_1_219' title='bbox 410 3100 528 3164; x_wconf 87' lang='lat' dir='ltr'><strong>sentias</strong></span> <span class='ocrx_word' id='word_1_220' title='bbox 553 3101 657 3165; x_wconf 85' lang='lat' dir='ltr'><strong>efficit.</strong></span> <span class='ocrx_word' id='word_1_221' title='bbox 703 3101 842 3185; x_wconf 86' lang='lat' dir='ltr'><strong>recogita</strong></span> <span class='ocrx_word' id='word_1_222' title='bbox 861 3100 903 3186; x_wconf 82' lang='lat' dir='ltr'><strong>,in</strong></span> <span class='ocrx_word' id='word_1_223' title='bbox 924 3100 1103 3185; x_wconf 72' lang='lat' dir='ltr'><strong>praesagiis</strong></span> <span class='ocrx_word' id='word_1_224' title='bbox 1124 3103 1241 3181; x_wconf 89' lang='lat' dir='ltr'><strong>uatem,</strong></span> <span class='ocrx_word' id='word_1_225' title='bbox 1264 3100 1298 3163; x_wconf 94' lang='lat' dir='ltr'><strong>in</strong></span> <span class='ocrx_word' id='word_1_226' title='bbox 1317 3100 1396 3165; x_wconf 91' lang='lat' dir='ltr'><strong>omi-</strong></span> 
     </span>
     <span class='ocr_line' id='line_1_27' title="bbox 247 3203 1396 3289; baseline 0.001 -23"><span class='ocrx_word' id='word_1_227' title='bbox 247 3203 339 3267; x_wconf 89' lang='lat' dir='ltr'><strong>nibus</strong></span> <span class='ocrx_word' id='word_1_228' title='bbox 370 3221 535 3287; x_wconf 84' lang='lat' dir='ltr'><strong>augurem,</strong></span> <span class='ocrx_word' id='word_1_229' title='bbox 567 3205 598 3268; x_wconf 92' lang='lat' dir='ltr'><strong>in</strong></span> <span class='ocrx_word' id='word_1_230' title='bbox 630 3204 795 3269; x_wconf 87' lang='lat' dir='ltr'><strong>euentibus</strong></span> <span class='ocrx_word' id='word_1_231' title='bbox 827 3204 1021 3289; x_wconf 71' lang='lat' dir='ltr'><strong>prospicem.</strong></span> <span class='ocrx_word' id='word_1_232' title='bbox 1068 3205 1208 3289; x_wconf 69' lang='lat' dir='ltr'><strong>mirum,</strong></span> <span class='ocrx_word' id='word_1_233' title='bbox 1239 3204 1266 3267; x_wconf 90' lang='lat' dir='ltr'><strong>si</strong></span> <span class='ocrx_word' id='word_1_234' title='bbox 1293 3222 1311 3267; x_wconf 89' lang='grc'><strong>1</strong></span> <span class='ocrx_word' id='word_1_235' title='bbox 1338 3204 1396 3267; x_wconf 93' lang='lat' dir='ltr'><strong>deo</strong></span> 
     </span>
     <span class='ocr_line' id='line_1_28' title="bbox 248 3308 1396 3394; baseline 0 -23"><span class='ocrx_word' id='word_1_236' title='bbox 248 3308 321 3372; x_wconf 89' lang='grc'><strong>(1111</strong></span> <span class='ocrx_word' id='word_1_237' title='bbox 340 3308 459 3372; x_wconf 90' lang='lat' dir='ltr'><strong>homini</strong></span> <span class='ocrx_word' id='word_1_238' title='bbox 480 3309 569 3373; x_wconf 90' lang='lat' dir='ltr'><strong>nouit</strong></span> <span class='ocrx_word' id='word_1_239' title='bbox 589 3309 750 3374; x_wconf 81' lang='lat' dir='ltr'><strong>diuinare?</strong></span> <span class='ocrx_word' id='word_1_240' title='bbox 789 3313 856 3373; x_wconf 88' lang='lat' dir='ltr'><strong>tam</strong></span> <span class='ocrx_word' id='word_1_241' title='bbox 876 3310 1003 3389; x_wconf 80' lang='lat' dir='ltr'><strong>mnum,</strong></span> <span class='ocrx_word' id='word_1_242' title='bbox 1023 3309 1060 3394; x_wconf 78' lang='lat' dir='ltr'><strong>,si</strong></span> <span class='ocrx_word' id='word_1_243' title='bbox 1084 3327 1176 3393; x_wconf 86' lang='lat' dir='ltr'><strong>eum„</strong></span> <span class='ocrx_word' id='word_1_244' title='bbox 1200 3327 1298 3390; x_wconf 89' lang='lat' dir='ltr'><strong>aquo</strong></span> <span class='ocrx_word' id='word_1_245' title='bbox 1321 3309 1396 3372; x_wconf 90' lang='grc'><strong>(1111</strong></span> 
     </span>
     <span class='ocr_line' id='line_1_29' title="bbox 248 3412 1395 3498; baseline 0 -22"><span class='ocrx_word' id='word_1_246' title='bbox 248 3416 305 3493; x_wconf 83' lang='grc'><strong>111,</strong></span> <span class='ocrx_word' id='word_1_247' title='bbox 329 3412 425 3477; x_wconf 90' lang='lat' dir='ltr'><strong>nouit.</strong></span> <span class='ocrx_word' id='word_1_248' title='bbox 457 3412 553 3477; x_wconf 90' lang='lat' dir='ltr'><strong>ctiam</strong></span> <span class='ocrx_word' id='word_1_249' title='bbox 573 3413 788 3477; x_wconf 90' lang='lat' dir='ltr'><strong>circumuenta</strong></span> <span class='ocrx_word' id='word_1_250' title='bbox 809 3413 847 3478; x_wconf 89' lang='lat' dir='ltr'><strong>ab</strong></span> <span class='ocrx_word' id='word_1_251' title='bbox 870 3413 1048 3477; x_wconf 86' lang='lat' dir='ltr'><strong>aduersario</strong></span> <span class='ocrx_word' id='word_1_252' title='bbox 1066 3413 1232 3498; x_wconf 69' lang='lat' dir='ltr'><strong>,meminit</strong></span> <span class='ocrx_word' id='word_1_253' title='bbox 1252 3413 1300 3477; x_wconf 91' lang='lat' dir='ltr'><strong>sui</strong></span> <span class='ocrx_word' id='word_1_254' title='bbox 1322 3431 1395 3477; x_wconf 91' lang='lat' dir='ltr'><strong>auc·</strong></span> 
     </span>
    </p>
   </div>
   <div class='ocr_carea' id='block_1_3' title="bbox 244 3584 1397 4425">
    <p class='ocr_par' dir='ltr' id='par_1_8' title="bbox 244 3584 1397 4425">
     <span class='ocr_line' id='line_1_30' title="bbox 292 3584 1395 3655; baseline -0.001 -15"><span class='ocrx_word' id='word_1_255' title='bbox 292 3584 371 3640; x_wconf 80' lang='grc'><strong>2111</strong></span> <span class='ocrx_word' id='word_1_256' title='bbox 389 3587 424 3654; x_wconf 88' lang='grc' dir='ltr'><strong>Β,</strong></span> <span class='ocrx_word' id='word_1_257' title='bbox 444 3587 471 3639; x_wconf 85' lang='grc'><strong>11</strong></span> <span class='ocrx_word' id='word_1_258' title='bbox 489 3588 516 3641; x_wconf 99' lang='lat' dir='ltr'><strong><em>A</em></strong></span> <span class='ocrx_word' id='word_1_259' title='bbox 587 3602 679 3654; x_wconf 85' lang='lat' dir='ltr'><strong>grecos</strong></span> <span class='ocrx_word' id='word_1_260' title='bbox 698 3587 725 3640; x_wconf 93' lang='lat' dir='ltr'><strong><em>A</em></strong></span> <span class='ocrx_word' id='word_1_261' title='bbox 796 3585 1002 3639; x_wconf 84' lang='lat' dir='ltr'><strong>innumerabilia</strong></span> <span class='ocrx_word' id='word_1_262' title='bbox 1025 3586 1112 3655; x_wconf 89' lang='lat' dir='ltr'><strong>elogia</strong></span> <span class='ocrx_word' id='word_1_263' title='bbox 1139 3587 1279 3642; x_wconf 68' lang='lat' dir='ltr'><strong>bebbae.-</strong></span> <span class='ocrx_word' id='word_1_264' title='bbox 1300 3586 1395 3639; x_wconf 91' lang='lat' dir='ltr'><strong>innum</strong></span> 
     </span>
     <span class='ocr_line' id='line_1_31' title="bbox 248 3672 1396 3741; baseline 0.001 -15"><span class='ocrx_word' id='word_1_265' title='bbox 248 3714 335 3726; x_wconf 88' lang='lat'>.....</span> <span class='ocrx_word' id='word_1_266' title='bbox 347 3672 398 3725; x_wconf 87' lang='lat' dir='ltr'><strong>liae</strong></span> <span class='ocrx_word' id='word_1_267' title='bbox 417 3672 489 3741; x_wconf 86' lang='lat' dir='ltr'><strong>logia</strong></span> <span class='ocrx_word' id='word_1_268' title='bbox 507 3674 543 3740; x_wconf 91' lang='lat' dir='ltr'><strong>A,</strong></span> <span class='ocrx_word' id='word_1_269' title='bbox 561 3673 702 3726; x_wconf 87' lang='lat' dir='ltr'><strong>innumera</strong></span> <span class='ocrx_word' id='word_1_270' title='bbox 719 3672 807 3741; x_wconf 87' lang='lat' dir='ltr'><strong>elogia</strong></span> <span class='ocrx_word' id='word_1_271' title='bbox 824 3674 852 3727; x_wconf 99' lang='grc' dir='ltr'><strong><em>Β</em></strong></span> <span class='ocrx_word' id='word_1_272' title='bbox 913 3676 930 3728; x_wconf 83' lang='grc'>4</span> <span class='ocrx_word' id='word_1_273' title='bbox 951 3673 1004 3727; x_wconf 88' lang='lat' dir='ltr'><strong>ista</strong></span> <span class='ocrx_word' id='word_1_274' title='bbox 1021 3674 1060 3739; x_wconf 92' lang='lat' dir='ltr'><strong>(A</strong></span> <span class='ocrx_word' id='word_1_275' title='bbox 1068 3675 1122 3740; x_wconf 77' lang='lat' dir='ltr'><strong>?)B</strong></span> <span class='ocrx_word' id='word_1_276' title='bbox 1183 3677 1215 3726; x_wconf 90' lang='lat' dir='ltr'><strong>ut</strong></span> <span class='ocrx_word' id='word_1_277' title='bbox 1232 3672 1275 3726; x_wconf 93' lang='lat' dir='ltr'><strong>uel</strong></span> <span class='ocrx_word' id='word_1_278' title='bbox 1293 3675 1330 3741; x_wconf 92' lang='lat' dir='ltr'><strong>A,</strong></span> <span class='ocrx_word' id='word_1_279' title='bbox 1351 3674 1396 3727; x_wconf 91' lang='lat' dir='ltr'><strong>uel</strong></span> 
     </span>
     <span class='ocr_line' id='line_1_32' title="bbox 247 3759 1397 3829; baseline -0.001 -16"><span class='ocrx_word' id='word_1_280' title='bbox 247 3762 278 3813; x_wconf 90' lang='lat' dir='ltr'><strong>ut</strong></span> <span class='ocrx_word' id='word_1_281' title='bbox 296 3761 324 3814; x_wconf 89' lang='grc' dir='ltr'><strong><em>Β</em></strong></span> <span class='ocrx_word' id='word_1_282' title='bbox 393 3759 517 3814; x_wconf 88' lang='lat' dir='ltr'><strong>6aui1na</strong></span> <span class='ocrx_word' id='word_1_283' title='bbox 534 3761 562 3814; x_wconf 92' lang='lat' dir='ltr'><em>B</em></span> <span class='ocrx_word' id='word_1_284' title='bbox 631 3759 814 3814; x_wconf 79' lang='lat' dir='ltr'><strong>ladfectaret</strong></span> <span class='ocrx_word' id='word_1_285' title='bbox 832 3761 860 3814; x_wconf 98' lang='grc' dir='ltr'><strong><em>Β</em></strong></span> <span class='ocrx_word' id='word_1_286' title='bbox 928 3763 1100 3829; x_wconf 88' lang='lat' dir='ltr'><strong>praepararet</strong></span> <span class='ocrx_word' id='word_1_287' title='bbox 1119 3761 1169 3815; x_wconf 81' lang='lat' dir='ltr'><strong>Gal</strong></span> <span class='ocrx_word' id='word_1_288' title='bbox 1239 3764 1341 3827; x_wconf 80' lang='lat' dir='ltr'><strong>Squae</strong></span> <span class='ocrx_word' id='word_1_289' title='bbox 1360 3759 1397 3812; x_wconf 89' lang='lat' dir='ltr'><strong>sit</strong></span> 
     </span>
     <span class='ocr_line' id='line_1_33' title="bbox 245 3846 1394 3917; baseline 0 -17"><span class='ocrx_word' id='word_1_290' title='bbox 245 3863 327 3900; x_wconf 89' lang='lat' dir='ltr'><strong>usura</strong></span> <span class='ocrx_word' id='word_1_291' title='bbox 344 3847 414 3916; x_wconf 78' lang='lat' dir='ltr'><strong>Rip:</strong></span> <span class='ocrx_word' id='word_1_292' title='bbox 432 3846 585 3916; x_wconf 86' lang='lat' dir='ltr'><strong>quaesitura</strong></span> <span class='ocrx_word' id='word_1_293' title='bbox 604 3848 713 3917; x_wconf 77' lang='lat' dir='ltr'><strong>ABmp,</strong></span> <span class='ocrx_word' id='word_1_294' title='bbox 731 3862 785 3915; x_wconf 89' lang='lat' dir='ltr'><strong>quo</strong></span> <span class='ocrx_word' id='word_1_295' title='bbox 805 3846 840 3900; x_wconf 89' lang='lat' dir='ltr'><strong>sit</strong></span> <span class='ocrx_word' id='word_1_296' title='bbox 858 3863 939 3899; x_wconf 90' lang='lat' dir='ltr'><strong>usura</strong></span> <span class='ocrx_word' id='word_1_297' title='bbox 951 3848 979 3901; x_wconf 92' lang='lat' dir='ltr'><em>B</em></span> <span class='ocrx_word' id='word_1_298' title='bbox 1034 3850 1050 3903; x_wconf 89' lang='grc'>9</span> <span class='ocrx_word' id='word_1_299' title='bbox 1070 3849 1175 3901; x_wconf 88' lang='lat' dir='ltr'><strong>curaret</strong></span> <span class='ocrx_word' id='word_1_300' title='bbox 1186 3847 1257 3917; x_wconf 79' lang='lat' dir='ltr'><strong>Rip:</strong></span> <span class='ocrx_word' id='word_1_301' title='bbox 1274 3846 1355 3901; x_wconf 85' lang='lat' dir='ltr'><strong>soiret</strong></span> <span class='ocrx_word' id='word_1_302' title='bbox 1366 3846 1394 3900; x_wconf 93' lang='grc' dir='ltr'><strong><em>Β</em></strong></span> 
     </span>
     <span class='ocr_line' id='line_1_34' title="bbox 247 3932 1395 4002; baseline -0.004 -12"><span class='ocrx_word' id='word_1_303' title='bbox 247 3937 280 3990; x_wconf 91' lang='grc'><strong>10</strong></span> <span class='ocrx_word' id='word_1_304' title='bbox 298 3933 396 3987; x_wconf 89' lang='lat' dir='ltr'><strong>certior</strong></span> <span class='ocrx_word' id='word_1_305' title='bbox 414 3933 450 3987; x_wconf 88' lang='lat' dir='ltr'><strong>sis</strong></span> <span class='ocrx_word' id='word_1_306' title='bbox 468 3935 504 4002; x_wconf 92' lang='lat' dir='ltr'><strong>A,</strong></span> <span class='ocrx_word' id='word_1_307' title='bbox 523 3934 642 3988; x_wconf 89' lang='lat' dir='ltr'><strong>certioris</strong></span> <span class='ocrx_word' id='word_1_308' title='bbox 661 3935 696 4002; x_wconf 88' lang='lat' dir='ltr'><strong>B,</strong></span> <span class='ocrx_word' id='word_1_309' title='bbox 716 3934 860 3988; x_wconf 86' lang='lat' dir='ltr'><strong>certiores</strong></span> <span class='ocrx_word' id='word_1_310' title='bbox 881 3935 932 3989; x_wconf 74' lang='lat' dir='ltr'><strong>oea</strong></span> <span class='ocrx_word' id='word_1_311' title='bbox 1003 3936 1035 3989; x_wconf 87' lang='grc'><strong>13</strong></span> <span class='ocrx_word' id='word_1_312' title='bbox 1055 3933 1087 3987; x_wconf 91' lang='grc'><strong>(11</strong></span> <span class='ocrx_word' id='word_1_313' title='bbox 1106 3951 1156 3990; x_wconf 86' lang='lat' dir='ltr'><strong>om.</strong></span> <span class='ocrx_word' id='word_1_314' title='bbox 1176 3935 1204 3988; x_wconf 98' lang='grc' dir='ltr'><strong><em>Β</em></strong></span> <span class='ocrx_word' id='word_1_315' title='bbox 1276 3936 1308 3988; x_wconf 89' lang='grc'><strong>14</strong></span> <span class='ocrx_word' id='word_1_316' title='bbox 1327 3932 1395 3986; x_wconf 88' lang='lat' dir='ltr'><strong>abiit</strong></span> 
     </span>
     <span class='ocr_line' id='line_1_35' title="bbox 248 4019 1395 4090; baseline -0.004 -13"><span class='ocrx_word' id='word_1_317' title='bbox 248 4020 500 4077; x_wconf 72' lang='grc'><strong>(11111111</strong></span> <span class='ocrx_word' id='word_1_318' title='bbox 575 4024 608 4078; x_wconf 92' lang='grc'><strong>18</strong></span> <span class='ocrx_word' id='word_1_319' title='bbox 634 4024 727 4090; x_wconf 90' lang='lat' dir='ltr'><strong>putem</strong></span> <span class='ocrx_word' id='word_1_320' title='bbox 753 4022 780 4074; x_wconf 91' lang='lat' dir='ltr'><strong><em>B</em></strong></span> <span class='ocrx_word' id='word_1_321' title='bbox 852 4019 1395 4074; x_wconf 74' lang='grc' dir='ltr'><strong>111111111111111111Η11ι1;11111111</strong></span> 
     </span>
     <span class='ocr_line' id='line_1_36' title="bbox 246 4106 1394 4179; baseline -0.002 -18"><span class='ocrx_word' id='word_1_322' title='bbox 246 4107 310 4161; x_wconf 90' lang='lat' dir='ltr'><strong>tridi</strong></span> <span class='ocrx_word' id='word_1_323' title='bbox 325 4151 330 4161; x_wconf 93' lang='lat'><strong>.</strong></span> <span class='ocrx_word' id='word_1_324' title='bbox 345 4150 349 4161; x_wconf 95' lang='lat'>.</span> <span class='ocrx_word' id='word_1_325' title='bbox 365 4151 370 4162; x_wconf 94' lang='lat'>.</span> <span class='ocrx_word' id='word_1_326' title='bbox 385 4150 390 4161; x_wconf 92' lang='lat'>.</span> <span class='ocrx_word' id='word_1_327' title='bbox 410 4109 445 4175; x_wconf 93' lang='lat' dir='ltr'><strong>A,</strong></span> <span class='ocrx_word' id='word_1_328' title='bbox 464 4108 589 4162; x_wconf 88' lang='lat' dir='ltr'><strong>friuolam</strong></span> <span class='ocrx_word' id='word_1_329' title='bbox 602 4110 629 4162; x_wconf 91' lang='lat' dir='ltr'><strong>et</strong></span> <span class='ocrx_word' id='word_1_330' title='bbox 641 4107 771 4179; x_wconf 81' lang='lat' dir='ltr'><strong>frigidum</strong></span> <span class='ocrx_word' id='word_1_331' title='bbox 785 4108 823 4176; x_wconf 92' lang='lat' dir='ltr'><strong>B,</strong></span> <span class='ocrx_word' id='word_1_332' title='bbox 841 4106 939 4161; x_wconf 85' lang='lat' dir='ltr'><strong>friuola</strong></span> <span class='ocrx_word' id='word_1_333' title='bbox 951 4108 978 4160; x_wconf 91' lang='lat' dir='ltr'><strong>et</strong></span> <span class='ocrx_word' id='word_1_334' title='bbox 990 4106 1090 4175; x_wconf 87' lang='lat' dir='ltr'><strong>frigida</strong></span> <span class='ocrx_word' id='word_1_335' title='bbox 1106 4106 1232 4162; x_wconf 76' lang='lat' dir='ltr'><strong>Oeblerree</strong></span> <span class='ocrx_word' id='word_1_336' title='bbox 1284 4108 1317 4161; x_wconf 84' lang='lat'><strong>21</strong></span> <span class='ocrx_word' id='word_1_337' title='bbox 1337 4106 1394 4159; x_wconf 90' lang='lat' dir='ltr'><strong>ani-</strong></span> 
     </span>
     <span class='ocr_line' id='line_1_37' title="bbox 245 4192 1395 4251; baseline -0.003 -3"><span class='ocrx_word' id='word_1_338' title='bbox 245 4194 309 4248; x_wconf 88' lang='lat' dir='ltr'><strong>mad</strong></span> <span class='ocrx_word' id='word_1_339' title='bbox 331 4196 358 4249; x_wconf 98' lang='lat' dir='ltr'><strong><em>A</em></strong></span> <span class='ocrx_word' id='word_1_340' title='bbox 380 4212 448 4251; x_wconf 84' lang='lat' dir='ltr'><strong>corr.</strong></span> <span class='ocrx_word' id='word_1_341' title='bbox 503 4195 594 4249; x_wconf 87' lang='lat' dir='ltr'><strong>decuit</strong></span> <span class='ocrx_word' id='word_1_342' title='bbox 616 4196 643 4249; x_wconf 98' lang='lat' dir='ltr'><strong><em>A</em></strong></span> <span class='ocrx_word' id='word_1_343' title='bbox 697 4197 730 4251; x_wconf 83' lang='lat'><strong>25</strong></span> <span class='ocrx_word' id='word_1_344' title='bbox 754 4194 910 4249; x_wconf 88' lang='lat' dir='ltr'><strong>hominibus</strong></span> <span class='ocrx_word' id='word_1_345' title='bbox 928 4195 956 4248; x_wconf 88' lang='lat' dir='ltr'><strong><em>A</em></strong></span> <span class='ocrx_word' id='word_1_346' title='bbox 1010 4195 1044 4247; x_wconf 80' lang='lat'><strong>26</strong></span> <span class='ocrx_word' id='word_1_347' title='bbox 1065 4192 1190 4247; x_wconf 82' lang='lat' dir='ltr'><strong>euntibus</strong></span> <span class='ocrx_word' id='word_1_348' title='bbox 1208 4195 1236 4248; x_wconf 97' lang='lat' dir='ltr'><strong><em>A</em></strong></span> <span class='ocrx_word' id='word_1_349' title='bbox 1289 4196 1322 4248; x_wconf 82' lang='lat'><strong>27</strong></span> <span class='ocrx_word' id='word_1_350' title='bbox 1346 4193 1395 4246; x_wconf 92' lang='lat' dir='ltr'><strong>ho-</strong></span> 
     </span>
     <span class='ocr_line' id='line_1_38' title="bbox 244 4281 1393 4351; baseline 0.001 -17"><span class='ocrx_word' id='word_1_351' title='bbox 244 4282 312 4335; x_wconf 90' lang='lat' dir='ltr'><strong>mini</strong></span> <span class='ocrx_word' id='word_1_352' title='bbox 330 4282 406 4337; x_wconf 91' lang='lat' dir='ltr'><strong>uouit</strong></span> <span class='ocrx_word' id='word_1_353' title='bbox 426 4284 489 4339; x_wconf 82' lang='lat' dir='ltr'><strong>Get:</strong></span> <span class='ocrx_word' id='word_1_354' title='bbox 506 4282 582 4336; x_wconf 92' lang='lat' dir='ltr'><strong>uouit</strong></span> <span class='ocrx_word' id='word_1_355' title='bbox 598 4281 702 4335; x_wconf 91' lang='lat' dir='ltr'><strong>homini</strong></span> <span class='ocrx_word' id='word_1_356' title='bbox 719 4282 775 4338; x_wconf 91' lang='lat' dir='ltr'><strong>AB</strong></span> <span class='ocrx_word' id='word_1_357' title='bbox 843 4284 877 4338; x_wconf 84' lang='lat'><strong>28</strong></span> <span class='ocrx_word' id='word_1_358' title='bbox 895 4282 1118 4350; x_wconf 72' lang='lat' dir='ltr'><strong>interrogationis</strong></span> <span class='ocrx_word' id='word_1_359' title='bbox 1135 4283 1248 4351; x_wconf 73' lang='lat' dir='ltr'><strong>sigeum</strong></span> <span class='ocrx_word' id='word_1_360' title='bbox 1261 4287 1326 4350; x_wconf 81' lang='lat' dir='ltr'><strong>post</strong></span> <span class='ocrx_word' id='word_1_361' title='bbox 1344 4296 1393 4335; x_wconf 91' lang='lat' dir='ltr'><strong>no-</strong></span> 
     </span>
     <span class='ocr_line' id='line_1_39' title="bbox 246 4368 405 4425; baseline 0.025 -4"><span class='ocrx_word' id='word_1_362' title='bbox 246 4368 288 4423; x_wconf 89' lang='lat' dir='ltr'><strong>uit</strong></span> <span class='ocrx_word' id='word_1_363' title='bbox 305 4369 405 4425; x_wconf 77' lang='lat' dir='ltr'><strong>sustuli</strong></span> 
     </span>
    </p>
   </div>
   <div class='ocr_carea' id='block_1_4' title="bbox 0 0 1604 5034">
    <p class='ocr_par' dir='ltr' id='par_1_9' title="bbox 0 0 1604 5034">
     <span class='ocr_line' id='line_1_40' title="bbox 0 0 1604 5034; baseline 0 2"><span class='ocrx_word' id='word_1_364' title='bbox 0 0 1604 5034; x_wconf 95' lang='lat' dir='ltr'><strong> </strong></span> 
     </span>
    </p>
   </div>
  </div>
 </body>
</html>
