3200 5034
556 450 592 504 II.
612 451 656 504 Dc
676 449 873 503 idololatria
891 451 967 503 4-6.
1287 449 1329 514 35

188 626 334 690 manibus
352 629 383 690 et
399 644 454 690 suo
471 644 563 709 opere
578 627 723 707 tolerant,
748 627 774 690 si
798 626 885 689 nnlla
905 626 1043 707 exceptio
1060 628 1109 689 est
1124 626 1240 689 artium
1257 643 1334 707 quas

188 730 239 793 dei
255 730 419 813 disciplina
441 748 505 794 non
526 731 644 812 recipit.
677 730 731 793 sed
748 731 791 794 ait
807 730 935 812 quidam
952 729 1101 794 aduersus
1118 730 1334 794 similitudinis

186 834 371 898 interdictae
386 835 644 918 propositionem:
676 853 731 897 cur
748 852 822 917 ergo
837 834 944 898 Moses
960 834 992 897 in
1011 852 1113 898 eremo
1130 834 1334 897 simulacrum

189 939 345 1021 serpentis
363 958 399 1002 ex
423 957 493 1002 aere
514 939 609 1003 fecit?
648 957 789 1003 seorsum
812 938 940 1023 figurae,
965 957 1044 1020 quae
1068 938 1263 1021 dispositioni
1278 939 1335 1002 ali-

188 1043 240 1106 cui
260 1060 390 1107 arcanae
413 1043 702 1125 praestruebantur,
727 1061 788 1107 non
812 1043 852 1106 ad
875 1043 1089 1126 erogationem
1111 1043 1200 1126 legis,
1225 1043 1280 1107 sed
1296 1043 1335 1106 ad
1374 1062 1387 1100 5

189 1147 416 1230 exemplarium
440 1165 552 1211 causae
576 1165 660 1210 suae.
696 1146 834 1228 alioquin
858 1147 885 1209 si
907 1147 985 1210 haec
1007 1149 1044 1210 ut
1066 1145 1237 1210 aduersarii
1257 1147 1335 1231 legis

188 1253 446 1334 interpretemur,
475 1251 627 1333 numquid
655 1255 687 1315 et
714 1269 785 1330 nos,
812 1251 897 1332 qnod
924 1254 956 1314 et
981 1251 1200 1331 Marcionitae,
1228 1251 1335 1315 incon-

189 1357 339 1420 stantiam
373 1356 580 1420 'adscribimus
616 1355 841 1438 omnipotenti,
869 1375 976 1441 lqueml
1001 1356 1047 1419 illi
1074 1356 1132 1420 hoc
1162 1356 1254 1420 modo
1283 1356 1336 1420 de-

189 1463 318 1525 struunt
340 1463 375 1524 ut
398 1459 594 1540 mutabilem,
618 1460 693 1523 dnm
717 1459 793 1523 alibi
817 1463 912 1541 uetat,
937 1461 1019 1546 alibi
1034 1461 1192 1545 mandat?
1224 1461 1250 1524 si
1266 1461 1335 1542 quis

190 1568 298 1629 autem
328 1564 507 1628 dissimulat
536 1565 624 1628 illam
655 1563 791 1647 effigiem
827 1565 910 1628 aerei
941 1565 1098 1649 serpentis
1129 1565 1277 1650 suspensi
1303 1561 1336 1627 in
1364 1583 1388 1622 ιο

190 1669 320 1733 modum
342 1668 476 1752 figuram
499 1669 678 1752 designasse
702 1669 877 1732 dominicae
900 1670 999 1732 crucis
1026 1687 1055 1754 ,a
1082 1669 1281 1754 serpentibus
1304 1669 1336 1731 id
1451 1655 1458 1669 ’

190 1776 242 1836 est
269 1773 307 1837 ab
335 1773 455 1854 angelis
484 1772 597 1836 diaboli
624 1771 812 1836 liberaturae
840 1791 907 1853 nos,
934 1773 1010 1836 dnm
1037 1792 1092 1855 per
1115 1773 1336 1858 semetipsam

192 1877 352 1942 diabolum
379 1877 410 1940 id
438 1880 486 1940 est
514 1879 693 1960 serpentem
720 1877 924 1941 interfectum
952 1877 1130 1960 suspendit,
1162 1877 1229 1940 siue
1257 1894 1336 1958 quae

191 1983 253 2046 alia
275 1981 393 2064 figurae
415 1981 506 2045 istius
530 1982 679 2064 expositio
704 1981 897 2064 dignioribus
920 1983 1060 2045 reuelata
1082 1984 1139 2061 est,
1168 1982 1336 2045 dummodo
1413 2027 1418 2037 ,

190 2086 370 2170 ,apostolus
388 2085 524 2150 affirmet
546 2087 651 2150 omnia
673 2089 748 2150 tnnc
771 2085 904 2169 figurate
927 2087 1040 2169 populo
1058 2086 1215 2150 accidisse.
1244 2085 1335 2165 bene,
1364 2105 1388 2144 rs

193 2190 276 2270 quod
298 2189 383 2253 idem
406 2190 481 2253 deus
506 2193 537 2252 et
553 2190 622 2272 lege
645 2191 747 2252 uetuit
770 2190 1006 2253 similitudinem
1029 2189 1098 2253 fieri
1121 2193 1153 2253 ct
1169 2191 1337 2254 extraordi-

193 2294 281 2358 nario
307 2297 473 2376 praecepto
501 2295 654 2376 serpentis
684 2295 923 2358 similitudinem
951 2295 1071 2358 indixit.
1118 2295 1144 2358 si
1172 2292 1334 2380 eundeml
1446 2329 1450 2336 ·

76 2403 172 2458 [109
193 2399 287 2462 deum
303 2399 462 2479 obseruas,
478 2398 576 2462 habes
592 2399 696 2482 legem
713 2400 789 2479 eius,
813 2419 857 2463 nc
880 2400 1016 2463 feceris
1037 2386 1333 2463 similitudinem.

194 2503 222 2566 si
237 2505 269 2566 et
290 2506 492 2585 praeceptum
515 2503 616 2566 factae
639 2507 749 2585 postea
768 2504 982 2566 similitudinis
1005 2504 1145 2585 respicis,
1169 2508 1201 2567 et
1216 2507 1251 2566 tu
1266 2503 1337 2566 imi-

192 2609 261 2670 tare
277 2606 419 2689 Moysen,
443 2626 481 2669 ne
504 2607 601 2671 facias
618 2608 769 2671 aduersus
785 2608 889 2690 legem
905 2608 1107 2672 simulacrum
1124 2608 1260 2689 aliquod,
1276 2607 1336 2670 nisi
1363 2626 1389 2665 ro

194 2713 225 2774 et
240 2710 299 2774 tibi
321 2712 397 2774 deus
421 2712 556 2775 iusserit.

238 2813 268 2878 6.
292 2813 324 2878 Si
347 2816 435 2879 nulla
456 2817 505 2879 lex
521 2817 571 2880 dei
593 2816 806 2898 prohibuisset
828 2817 911 2880 idola
934 2816 1001 2880 fieri
1017 2815 1151 2896 anobis,
1175 2817 1263 2879 nulla
1277 2832 1337 2878 uox

194 2919 324 3002 spiritns
345 2920 447 2984 sancti
470 2920 709 2984 fabricatoribus
733 2921 886 2985 idolorum
910 2940 973 2985 non
996 2922 1100 2985 minus
1124 2939 1219 3002 quam
1239 2923 1337 2985 culto-

192 3024 282 3088 ribus
305 3025 558 3104 comminaretur,
576 3024 613 3088 de
628 3026 695 3106 ipso
712 3028 908 3088 sacramento
932 3029 1038 3090 nostro
1060 3026 1337 3106 interpretaremur

193 3127 286 3192 nobis
315 3128 461 3192 aduersas
490 3147 558 3192 esse
585 3128 657 3192 fidei
684 3129 838 3194 eiusmodi
865 3133 957 3192 artes
996 3130 1149 3210 quomodo
1178 3130 1262 3192 enim
1289 3148 1338 3192 re·
1364 3147 1390 3186 25

193 3232 411 3296 nuntiabimus
436 3232 557 3296 diabolo
582 3236 613 3296 et
636 3234 755 3316 angelis
779 3234 855 3313 eius,
880 3235 906 3296 si
930 3250 981 3296 eos
1004 3233 1159 3296 facimus?
1187 3233 1267 3314 quod
1290 3252 1338 3295 re-

192 3337 325 3420 pudium
349 3336 482 3400 diximus
505 3337 555 3418 iia,
579 3355 641 3400 non
664 3337 730 3401 dico
753 3356 826 3401 cnm
850 3338 973 3419 quibus,
997 3339 1053 3401 sed
1068 3338 1106 3402 de
1122 3337 1235 3419 quibus
1258 3338 1339 3400 uiui-

193 3443 288 3504 mus?
323 3459 417 3522 qnam
440 3441 626 3505 discordiam
649 3443 844 3524 suscepimus
868 3442 901 3505 in
925 3461 987 3522 eos,
1011 3442 1125 3523 quibus
1142 3442 1338 3506 exhibitionis

193 3549 321 3609 nostrae
337 3546 438 3628 gratia
453 3544 583 3628 obligati
599 3548 733 3609 sumus?
762 3548 852 3629 potes
867 3546 975 3629 lingua
990 3564 1122 3630 negasse
1138 3546 1220 3628 quod
1243 3564 1338 3609 manu

193 3647 376 3712 confiteris?
420 3649 516 3714 uerbo
545 3650 704 3713 destrucre
732 3651 815 3731 quod
843 3650 925 3714 facto
953 3651 1072 3714 struis?
1118 3670 1217 3714 unum
1244 3651 1338 3713 deum
1365 3670 1391 3708 oo

192 3753 375 3835 praedicare
391 3754 443 3835 qui
465 3756 570 3817 tantos
587 3754 706 3818 efficis?
740 3774 850 3818 uerum
867 3755 960 3819 deum
983 3755 1161 3837 praedicare
1176 3755 1229 3836 qui
1243 3755 1339 3818 falsos

303 3908 347 3977 rs]
365 3909 411 3962 nx.
431 3911 472 3974 ao,
487 3912 509 3964 1.

241 4052 254 4104 l
275 4048 392 4102 tolerant
409 4050 522 4118 scripsi:
539 4048 687 4102 tolerantur
705 4049 760 4102 AB
805 4049 822 4101 4
841 4064 930 4100 creare
947 4049 1002 4102 AB
1049 4051 1065 4102 5
1083 4047 1300 4116 praestruebatur
1313 4049 1340 4102 B

196 4135 399 4204 derogationem
418 4137 481 4204 Iao,
495 4137 568 4204 Scal,
580 4137 635 4205 Rip
689 4139 705 4189 6
724 4135 875 4188 aduersaria
898 4137 1030 4191 Wisscwa
1082 4138 1099 4191 8
1116 4135 1207 4203 quem]
1225 4134 1294 4202 quod
1312 4136 1339 4190 B

197 4227 230 4279 14
244 4223 390 4277 dummodo
403 4226 434 4275 ut
446 4224 501 4278 Iam
543 4227 574 4279 15
588 4241 641 4292 pro
654 4224 766 4292 uirgato
774 4229 909 4292 punctam
927 4229 990 4277 coto
1006 4221 1073 4275 bene
1086 4224 1170 4291 porat
1214 4225 1245 4276 16
1258 4225 1340 4292 prius

195 4313 224 4364 et
239 4311 305 4379 AB,
323 4311 355 4363 ut
376 4310 510 4378 chtcrus,
529 4309 574 4378 qui
588 4311 658 4363 Pom
707 4317 778 4378 post.
792 4312 819 4362 et
830 4311 894 4363 cdd.
909 4312 965 4364 Iuor
1018 4312 1049 4364 17
1063 4309 1159 4362 indixit
1171 4310 1240 4379 Rip:
1257 4303 1340 4362 interr

196 4397 263 4452 dixit
275 4399 341 4466 AB,
360 4396 573 4451 interduxitlum
626 4399 659 4451 22
679 4395 763 4461 nobis,
782 4397 804 4449 si
823 4396 898 4449 nulla
915 4413 965 4449 uox
984 4398 1041 4451 Lat
1093 4399 1126 4451 27
1145 4396 1187 4449 his
1206 4398 1233 4450 B

1152 4485 1185 4534 33·
