3200 5034
554 447 628 501 VIII.
648 448 693 501 De
711 447 877 517 pudicitia
896 449 935 502 16.
1255 446 1318 510 255

177 626 333 707 optimum
353 626 426 689 dicit
448 625 567 689 homini
591 625 636 688 sio
660 643 743 688 esse:
766 624 918 687 iunctus
942 641 978 685 es
1002 624 1121 703 uxori,
1145 642 1188 685 ne
1211 639 1319 703 quae-

176 730 286 792 sieris
322 730 563 809 solutionem,
597 732 633 792 ut
662 727 822 791 moechiae
852 728 955 791 looum
983 745 1045 790 non
1067 728 1136 790 des:
1172 727 1318 789 solutus

175 853 212 897 es
244 832 288 897 ab
319 851 443 913 uxore,
479 852 523 897 ne
553 833 762 915 quaesieris
792 849 956 911 uxorem,
991 834 1025 894 ut
1055 831 1319 913 opportunitatem

175 937 232 1001 tibi
255 956 376 1001 semes:
407 938 503 1019 quod
534 941 569 1001 et
600 938 630 1000 si
661 936 810 1000 duxeris
837 954 1000 1015 uxorem,
1032 938 1068 999 et
1095 935 1126 998 si
1150 934 1321 1017 nupserit

175 1043 296 1125 uirgo,
339 1061 410 1106 non
447 1046 593 1125 peccat,
634 1058 848 1124 pressuram
890 1045 1014 1104 tamen
1052 1039 1175 1102 earnis
1210 1038 1358 1107 habe-5
1435 1116 1441 1120 η

176 1146 270 1209 bunt
300 1146 527 1226 huiusmodi,
562 1164 604 1193 ³—
633 1149 664 1209 et
689 1145 740 1208 hie
765 1144 921 1227 parcendo
943 1143 1106 1226 permittit.
1156 1146 1320 1207 ceterum

176 1255 323 1333 tompus
369 1251 405 1314 in
451 1251 611 1314 collecto
654 1249 871 1329 coustituit,
918 1253 958 1312 ut
1004 1252 1040 1312 et
1081 1248 1142 1330 qui
1182 1246 1320 1311 habent

176 1373 310 1418 uxores
334 1355 387 1418 sie
407 1355 483 1418 sint
502 1359 691 1436 tamquam
711 1371 782 1417 non
801 1353 995 1416 habentes
1020 1352 1203 1435 praeterit
1224 1351 1320 1414 enim

176 1458 329 1522 habitus
361 1459 471 1522 huius
503 1458 643 1538 mundi,
674 1458 738 1521 iam
762 1457 880 1520 scilicet
903 1474 965 1521 non
996 1456 1215 1520 desiderantis:
1244 1460 1320 1517 'ore-

177 1564 271 1627 seite
295 1566 331 1626 et
353 1563 672 1646 multiplicamini.
713 1562 758 1625 sio
781 1562 852 1625 uult
867 1578 923 1624 nos
939 1564 1063 1642 praeter
1079 1559 1319 1624 sollicitudinem
1348 1590 1373 1627 10

177 1668 304 1749 degere,
335 1668 407 1748 quia
436 1668 587 1750 innupti
618 1667 660 1730 de
693 1665 840 1729 domino
872 1668 1004 1728 curent
1034 1664 1214 1745 quomodo
1245 1663 1321 1745 pla·

177 1776 286 1836 ceant
309 1772 388 1851 deo,
419 1772 527 1854 nupti
557 1789 644 1834 uero
672 1771 714 1834 de
737 1769 872 1833 mundo
895 1769 1109 1852 recogitent
1136 1766 1320 1850 quomodo

176 1877 352 1957 placeant
373 1876 557 1959 coniugio.
598 1875 642 1938 sie
657 1874 770 1938 melius
786 1873 889 1937 facere
905 1873 1088 1954 pronuntiat
1103 1872 1232 1956 uirgInis
1249 1890 1321 1935 con-

176 1984 371 2044 seruatorem
394 1998 488 2061 quam
513 1982 717 2062 erogatorem.
757 1979 801 2041 sio
825 1982 857 2041 et
879 1978 966 2041 illam
985 1978 1157 2041 beatiorem
1174 1976 1322 2040 discernit

177 2102 258 2164 quae
290 2084 405 2147 amisso
436 2083 504 2146 uiro
534 2083 629 2147 iidem
652 2083 795 2165 Ingressa
819 2081 972 2145 amauerit
994 2080 1189 2144 occasionem
1219 2079 1321 2143 uidui-
1349 2109 1374 2147 rs

177 2190 264 2251 tatis.
302 2189 348 2251 sic
370 2188 447 2252 haec
470 2188 576 2251 omnia
599 2187 806 2251 continentiae
830 2186 960 2250 consilia
980 2190 1016 2249 ut
1035 2186 1142 2249 diuina
1162 2202 1321 2248 commen·

178 2294 247 2366 dat;
278 2296 381 2375 puto,
412 2292 521 2373 inquit,
553 2295 589 2355 et
620 2310 685 2375 ego
716 2291 891 2375 spirltum
923 2290 981 2353 dei
1004 2289 1129 2353 habeo.
1169 2289 1239 2369 quis
1262 2289 1321 2351 iste

178 2400 228 2459 est
257 2396 397 2461 adsertor
419 2396 647 2460 audacissimus
671 2395 773 2459 omnis
801 2394 1025 2477 impudicitiae,
1056 2392 1258 2456 moechorum
1291 2396 1322 2455 et

92 2528 97 2531 ·
177 2502 404 2565 fornicatorum
420 2504 452 2564 et
467 2502 658 2565 incestorum
674 2500 767 2583 plane
783 2498 985 2562 fidelissimus
1006 2498 1185 2577 aduocatus,
1209 2496 1321 2579 quibus

176 2605 367 2669 honorandis
391 2605 529 2687 suscepit
559 2604 640 2690 hano
663 2622 791 2667 causam
816 2594 966 2665 aduersus
998 2602 1143 2685 spiritum
1167 2605 1321 2681 sanctum,
1349 2628 1375 2667 so

177 2714 214 2773 ut
245 2710 362 2773 falsum
392 2708 610 2773 testimonium
632 2709 749 2772 'recitet
778 2707 817 2770 de
852 2707 992 2790 apostolo
1027 2706 1114 2771 eius?
1153 2707 1227 2770 nihil
1259 2706 1321 2769 tale

176 2815 296 2878 Paulus
319 2814 458 2893 indulsit,
482 2813 535 2895 qui
557 2816 657 2876 totam
680 2812 784 2875 earnis
808 2812 1028 2875 necessitatem
1052 2811 1089 2874 de
1105 2808 1210 2892 probis
1227 2810 1322 2872 etiarn

177 2919 280 2981 titulis
312 2916 477 2981 obliterare
508 2920 646 2982 conatur.
686 2916 827 2999 indulget
862 2934 936 2979 saue
972 2932 1033 2978 non
1067 2915 1232 2994 adulteria,
1268 2913 1321 2977 sed

178 3023 314 3105 nuptias.
357 3022 459 3103 parcit
492 3040 567 3085 sane
600 3020 818 3101 matrimoniis,
854 3037 915 3083 non
950 3020 1076 3103 stupris.
1117 3021 1267 3107 temptat
1284 3037 1322 3081 ne

178 3130 311 3191 naturae
334 3127 462 3208 quidem
484 3126 656 3209 ignoscere,
679 3145 719 3189 ne
742 3126 852 3209 culpae
874 3123 1076 3189 blandiatur?
1114 3124 1219 3187 studet
1238 3141 1322 3187 oom—
1349 3148 1375 3187 es

179 3249 308 3314 pescere
331 3230 555 3294 benedictionis
579 3230 790 3309 concubitum,
822 3248 862 3292 ue
892 3228 1118 3293 maledictionis
1150 3231 1321 3291 excusetur.

178 3336 239 3397 hoc
267 3334 295 3397 ei
322 3337 493 3416 supererat,
524 3352 650 3397 carnem
674 3334 725 3397 uel
748 3352 766 3396 a
791 3332 935 3396 sordibus
965 3351 1113 3415 purgarm
1144 3349 1162 3395 a
1192 3331 1322 3395 maculis

179 3439 264 3500 enim
295 3455 357 3501 non
389 3441 503 3520 potest.
542 3438 596 3501 sed
627 3442 676 3501 est
705 3438 764 3501 hoc
795 3437 946 3500 sollemne
977 3436 1133 3519 peruersis
1162 3439 1193 3499 et
1219 3436 1322 3499 idiotis

178 3542 357 3622 haereticis
380 3542 444 3605 iam
464 3545 498 3608 et
516 3541 669 3624 psychicis
689 3540 856 3620 uniuersis
880 3540 1010 3604 alicuius
1031 3540 1158 3622 capituli
1179 3539 1322 3621 ancipitis

287 3758 313 3827 1]
335 3757 421 3813 lCor.
435 3760 505 3820 7‚27
519 3772 574 3825 sqq.
646 3756 674 3824 9]
695 3756 759 3810 Gen.
774 3759 797 3819 1,
811 3757 852 3811 28.
926 3754 1077 3824 llllCor.
1091 3758 1115 3818 7,
1129 3756 1213 3822 aasq.
1278 3756 1321 3823 13]

180 3844 214 3898 cl.
228 3844 293 3899 ibid.
307 3848 331 3910 7,
345 3847 379 3901 38
392 3861 447 3913 sqq.
504 3845 548 3913 17]
567 3844 632 3899 ibid.
652 3847 676 3907 7,
690 3846 731 3899 lo.

174 4054 177 4057 ’
196 4074 200 4079 -
224 4047 371 4108 duxeram,
385 4060 439 4098 non
448 4060 541 4113 peccas
550 4047 614 4113 fort.
659 4047 676 4098 9
690 4042 865 4096 desiderantis
875 4044 937 4097 Get:
950 4042 1163 4097 desiderantesB
1205 4045 1236 4098 lo
1249 4044 1324 4111 pater

180 4136 286 4201 praeter
304 4133 375 4186 Para
393 4134 425 4186 iu
442 4133 492 4200 ed,
509 4132 608 4184 Paulus
634 4134 738 4199 praeter
757 4131 828 4184 Pura
901 4133 932 4183 la
956 4130 1062 4195 coniugi
1081 4131 1137 4183 Lat
1212 4130 1323 4196 uirginis

182 4220 247 4273 Ger.-
265 4219 398 4286 uirginem
417 4220 444 4272 Β
498 4221 530 4273 14
550 4217 668 4270 decernit
690 4220 742 4273 Urs
796 4219 829 4271 lo
847 4217 884 4269 sie
906 4218 971 4271 Urs:
989 4216 1011 4267 si
1030 4217 1057 4270 B
1110 4218 1144 4271 20
1162 4215 1323 4269 honorandis

182 4306 247 4359 Ger.-
264 4306 389 4359 houorari
402 4308 437 4373 B,
455 4305 603 4357 honorariis
616 4305 761 4358 Hardelius
814 4306 846 4358 25
867 4320 899 4355 ne
915 4304 977 4357 Gal:
995 4303 1092 4370 quique
1105 4305 1140 4370 B,
1159 4302 1244 4368 Quinc
1259 4307 1322 4372 fort.

179 4395 215 4447 29
233 4392 287 4445 iam
308 4394 372 4447 Gal:
389 4392 470 4443 etiarn
488 4394 516 4445 B
1301 4420 1302 4423 =
