3200 5034
568 442 628 496 VH.
647 444 691 496 De
709 442 873 512 baptismo
891 446 984 500 8-10.
1233 467 1237 471 ’
1286 444 1348 509 209

207 619 327 679 statum
350 616 415 680 eius
439 635 536 699 aeque
559 621 595 681 ut
616 622 725 701 potero
747 620 927 703 progrediar
950 620 987 681 de
1011 618 1253 701 quaestiunculis
1282 620 1348 702 qui-

204 719 348 784 busdam.
386 719 562 802 baptismus
586 722 625 786 ab
648 722 789 786 Iohanne
812 724 1012 787 denuntiatus
1043 724 1105 787 iam
1135 726 1210 787 tunc
1239 724 1351 788 habuit

206 824 431 905 quaestionem,
462 824 501 888 ab
532 826 599 907 ipso
630 827 757 908 quidem
786 827 912 891 domino
944 828 1136 909 propositam
1162 828 1349 907 Pharisaeus,

204 928 389 994 caelestisne
415 929 442 992 is
472 929 649 1012 baptismus
678 935 763 994 esset
790 950 831 994 an
854 950 929 995 uero
952 934 1116 995 terrenus?
1154 932 1192 995 de
1223 950 1282 1013 quo
1305 932 1350 995 illi

205 1049 269 1095 non
292 1033 460 1096 ualuerunt
483 1037 663 1098 constanter
685 1035 884 1118 respondere,
908 1038 1016 1117 utpote
1040 1055 1102 1100 non
1117 1036 1348 1119 intellegentes,
1376 1062 1388 1100 5

205 1136 278 1218 quia
308 1155 365 1201 nec
392 1138 563 1202 credentes.
610 1157 666 1203 nos
693 1156 784 1221 porro
813 1141 964 1221 quantula
991 1139 1051 1203 fide
1080 1159 1199 1220 sumus,
1227 1142 1349 1204 tantulo

206 1244 238 1303 ct
258 1240 419 1305 intellectu
440 1260 608 1324 possumus
632 1244 798 1307 aestimare
823 1244 963 1307 diuinum
987 1245 1112 1326 quidem
1136 1264 1208 1307 eum
1230 1243 1350 1326 baptis-

90 1379 100 1394 ·
206 1364 294 1409 mum
317 1345 424 1426 fuisse,
447 1348 597 1411 mandatu
621 1351 738 1428 tamen,
762 1366 825 1412 non
849 1351 880 1412 et
899 1352 1064 1431 potestate,
1088 1349 1172 1430 quod
1192 1352 1223 1411 et
1237 1348 1350 1412 Iohan-

205 1467 280 1513 nem
307 1467 327 1513 a
353 1450 477 1515 domino
506 1451 640 1515 missum
669 1452 804 1535 legimus
835 1453 867 1515 in
894 1452 952 1517 hoc
980 1472 1095 1516 munus
1123 1456 1262 1532 ceterum
1292 1453 1350 1516 hu-

205 1571 337 1617 manum
359 1554 547 1618 condicione.
587 1556 664 1619 nihil
692 1556 777 1619 enim
800 1558 936 1620 caeleste
959 1557 1149 1638 praestabat,
1173 1558 1228 1621 sed
1251 1559 1350 1620 caele·
1376 1584 1402 1623 ιο

206 1658 306 1721 stibus
336 1658 612 1740 praeministrabat
640 1661 850 1741 paenitentiae
881 1661 999 1724 scilicet
1029 1661 1235 1743 praepositus,
1271 1679 1350 1742 quac

206 1765 256 1832 est
277 1762 310 1826 in
332 1763 467 1827 hominis
490 1767 656 1846 potestate.
702 1765 834 1846 denique
857 1765 937 1848 legis
961 1766 1102 1829 doctores
1127 1769 1159 1828 et
1180 1766 1350 1845 Pharisaei,

207 1867 260 1948 qni
278 1868 403 1931 credere
426 1869 603 1949 noluerunt,
627 1887 684 1933 nec
706 1870 931 1951 paenitentiam
955 1888 1054 1952 egere,
1094 1869 1222 1951 quodsi
1244 1869 1350 1951 paeni-

205 1971 306 2035 tentia
328 1972 503 2036 humanum
526 1976 584 2053 est,
615 1976 646 2037 et
671 1972 848 2054 baptismus
875 1973 972 2054 ipsius
1001 1972 1141 2037 eiusdem
1164 1972 1349 2036 condicionis

205 2074 301 2139 fuerit
329 2094 456 2140 necesse
486 2081 545 2157 est,
576 2080 632 2141 ant
660 2078 750 2141 daret
776 2080 808 2141 et
838 2078 982 2160 spiritum
1009 2080 1155 2141 sanctum
1182 2081 1214 2141 et
1240 2077 1350 2141 remis-
1377 2105 1402 2145 15
1427 2162 1429 2172 ,

206 2180 327 2243 sionem
356 2181 550 2261 delictorum,
581 2183 607 2246 si
636 2183 781 2246 caelestis
810 2182 931 2245 fuisset.
970 2182 1025 2245 sed
1055 2201 1155 2263 neque
1185 2186 1350 2264 peccatum

207 2284 337 2348 dimittit
367 2303 467 2368 neque
498 2286 643 2369 spiritum
671 2286 814 2370 indulget
845 2287 905 2351 nisi
928 2286 1004 2350 deus
1028 2287 1122 2350 solus.
1166 2287 1260 2350 etiam
1283 2287 1350 2368 ipse

207 2388 362 2467 dominus,
393 2390 452 2453 nisi
474 2390 541 2471 ipse
563 2391 649 2472 prius
672 2391 857 2455 ascenderet
880 2392 918 2454 ad
948 2394 1080 2472 patrem,
1112 2390 1200 2455 ahter
1224 2392 1351 2473 negauit

206 2492 352 2573 spiritum
379 2494 613 2559 descensurum.
651 2495 682 2558 id
710 2496 793 2577 quod
822 2496 965 2559 dominus
993 2495 1133 2559 nondum
1160 2495 1349 2575 conferebat,

207 2615 317 2660 seruus
347 2598 454 2680 utique
483 2604 644 2682 praestare
674 2617 737 2663 non
766 2600 928 2683 potuisset.
974 2600 1050 2663 adeo
1076 2602 1186 2680 postea
1207 2600 1239 2662 in
1261 2598 1350 2663 Actis
1377 2626 1403 2665 ro

205 2699 433 2783 Apostolorum
466 2702 658 2783 inponimus,
693 2704 854 2786 quoniam,
890 2703 942 2784 qui
976 2702 1124 2767 Iohannis
1157 2702 1351 2785 baptismum

205 2805 375 2886 habebant,
406 2824 469 2870 non
491 2808 685 2890 accepissent
704 2807 852 2899 ¹spiritum
876 2810 1031 2887 sanctum,
1063 2826 1219 2889 quemne
1244 2808 1351 2871 auditu

206 2909 333 2990 quidem
356 2914 518 2975 nouerant.
557 2929 631 2994 ergo
654 2929 718 2975 non
741 2914 809 2974 erat
832 2911 977 2991 caeleste,
1009 2911 1092 2993 quod
1119 2912 1267 2975 caelestia
1289 2931 1351 2976 non

207 3013 383 3095 exhibebat,
406 3034 479 3079 cum
494 3016 609 3098 ipsum,
632 3016 715 3097 quod
730 3016 864 3079 caeleste
880 3016 912 3078 in
927 3014 1068 3079 Iohanne
1087 3016 1202 3096 luerat,
1225 3017 1351 3098 spiritus

205 3118 397 3200 prophetiae,
419 3123 492 3201 post
513 3120 609 3183 totius
626 3120 754 3201 spiritus
769 3120 801 3183 in
822 3120 984 3183 dominum
1000 3121 1237 3184 translationem
1253 3139 1352 3202 usque
1378 3147 1403 3186 25

207 3222 285 3286 adeo
309 3223 466 3303 defecerit,
490 3228 526 3288 ut
548 3243 642 3306 quem
666 3224 912 3306 praedicanerat,
940 3243 1034 3306 quem
1058 3226 1276 3289 aduenientem
1300 3226 1353 3288 dc-

206 3328 397 3411 signauerat‚
420 3329 622 3411 postmodum
646 3348 686 3393 an
708 3329 776 3412 ipse
799 3333 884 3393 esset
907 3330 1027 3393 miserit
1046 3330 1246 3393 sciscitatum.
1279 3349 1352 3413 age-

206 3432 301 3496 batur
321 3433 425 3515 itaque
440 3433 616 3514 baptismus
631 3434 843 3516 paenitentiae
859 3434 947 3516 quasi
963 3435 1145 3497 candidatus
1161 3435 1351 3498 remissionis

208 3540 240 3600 et
266 3536 518 3601 sanctificationis
545 3538 577 3601 in
601 3537 724 3602 Christo
752 3538 986 3602 subsecuturae.
1011 3556 1084 3601 nam
1128 3540 1209 3620 quod
1231 3538 1352 3620 praedi-

207 3640 300 3705 cabat
328 3640 521 3723 baptismum
552 3642 761 3723 paenitentiae
791 3642 823 3705 in
853 3642 1070 3706 remissionem
1096 3643 1289 3722 delictorum,
1302 3712 1304 3717 .
1319 3643 1352 3706 in
1379 3669 1405 3709 oo

206 3744 348 3808 futuram
370 3746 588 3810 remissionem
613 3746 808 3810 enuntiatum
832 3750 894 3809 est:
919 3746 1072 3827 siquidem
1091 3747 1281 3829 paenitentia
1296 3765 1351 3810 an-

205 3850 331 3929 tecedit,
354 3850 496 3914 remissio
520 3850 729 3932 subsequitur,
754 3853 785 3914 et
808 3849 867 3913 hoc
892 3854 939 3914 est
961 3851 1044 3914 uiam
1067 3869 1267 3933 praeparare3
1299 3852 1352 3932 qui

208 3957 315 4017 autem
337 3958 513 4037 praeparat,
541 3974 603 4019 non
626 3955 710 4018 idem
731 3956 798 4037 ipse
821 3954 951 4036 perficit,
976 3955 1030 4018 sed
1053 3955 1104 4018 alii
1127 3955 1352 4037 perficiendum

311 4092 340 4161 4]
360 4091 393 4147 ef.
411 4093 493 4146 Marc.
509 4096 549 4158 11,
562 4096 604 4148 30.
660 4093 704 4161 18]
724 4092 757 4146 cl.
777 4092 835 4146 Ioh.
852 4095 892 4157 16,
906 4095 929 4147 7.

251 4214 407 4269 8mandatu
418 4216 483 4270 Gal:
494 4214 652 4268 mandatum
662 4215 689 4268 B
738 4218 769 4270 12
780 4215 931 4281 denique-
940 4216 973 4268 13
982 4229 1057 4281 egere
1066 4216 1130 4281 sort.
1142 4215 1255 4268 delenda
1267 4220 1352 4269 censet

208 4302 386 4356 Hermobius
422 4302 732 4370 l3egcreLat:agereB
762 4302 1185 4369 20potnissetscro'psi:possetB
1218 4304 1352 4369 praestare

207 4387 315 4457 posset?
333 4388 389 4457 Rip
441 4391 474 4443 25
487 4391 515 4441 et
525 4389 679 4457 prophetiae
691 4390 733 4455 B;
748 4391 775 4442 et
788 4389 837 4442 del.
854 4390 903 4443 ceu
956 4390 990 4442 33
1003 4387 1108 4455 perficit
1123 4390 1186 4443 Get:
1201 4388 1313 4456 perfecit
1323 4390 1351 4442 B

260 4483 301 4523 xx.
316 4482 376 4524 uero.
391 4483 408 4523 1.
1165 4480 1195 4527 14
