3200 5034
537 428 612 482 rur.
631 429 677 482 ne
695 430 861 499 pudicitia
879 434 955 487 s-e.
1257 432 1321 497 235

177 604 274 668 dacus
301 623 396 687 quam
419 605 521 669 minor
542 604 627 669 filius
649 606 798 688 prodacta
820 606 999 671 substantia
1021 609 1070 672 dei
1092 609 1125 673 in
1149 609 1251 673 aliena
1272 629 1344 705 re-¹

177 709 269 793 gione
299 709 458 774 mendicat
485 711 624 774 seruiens
647 730 746 793 usque
769 712 871 776 adhuc
893 712 1085 795 principibus
1110 714 1189 794 eius,
1220 713 1323 779 idest

177 814 296 878 saeculi
317 814 418 878 huius.
457 818 611 897 quaerant
633 815 729 899 igitur
751 816 849 880 alium
868 816 1037 882 Christiani
1060 836 1152 881 suum
1177 819 1321 894 fratrem;
1361 882 1363 889 ,

177 918 332 983 Iudaeum
353 919 438 983 enim
461 920 610 1003 parabola
632 937 695 985 non
717 921 839 1004 recipit.
874 922 973 987 multo
990 923 1092 1005 aptius
1108 922 1322 989 Christianum

178 1023 289 1087 maiori
318 1026 350 1087 et
377 1023 530 1088 Iudaeum
560 1024 674 1088 minori
702 1024 766 1089 filio
796 1024 1028 1108 adaequassent
1055 1026 1226 1092 secundum
1249 1027 1322 1091 fidei
1362 1054 1374 1093 s

178 1128 458 1211 comparationem,
488 1127 516 1191 si
546 1128 620 1193 ordo
650 1130 812 1211 utriusque
841 1130 950 1214 populi
979 1131 1018 1196 ab
1049 1134 1138 1196 utero
1161 1131 1322 1196 Rebeccae

178 1234 360 1316 designatus
389 1232 586 1315 permitteret
616 1234 873 1299 demutationem.
920 1236 982 1300 nisi
1011 1238 1092 1317 quod
1124 1239 1155 1300 ot
1181 1237 1323 1301 clausula

177 1337 394 1421 refragaretur.
442 1336 654 1403 Christianum
690 1339 774 1403 enim
808 1340 845 1403 de
880 1340 1078 1405 restitutione
1108 1341 1217 1405 Iudaei
1246 1359 1323 1425 gau-

179 1441 250 1506 dere
281 1446 313 1507 ot
334 1460 402 1507 non
421 1443 524 1508 dolere
547 1444 726 1524 conueniet,
759 1444 914 1527 siquidem
936 1448 1003 1509 tota
1025 1464 1097 1528 spes
1120 1448 1228 1511 nostra
1251 1464 1322 1510 cum

176 1547 297 1629 reliqua
318 1547 443 1612 Israelis
474 1548 687 1630 expectatione
718 1549 886 1613 coniuncta
916 1553 973 1613 est.
1016 1550 1062 1613 ita
1084 1550 1144 1614 etsi
1167 1550 1322 1632 quaedam
1350 1576 1375 1615 ιο

176 1652 308 1732 facient,
340 1652 401 1734 [et]
433 1651 502 1715 aliis
532 1656 641 1717 contra
670 1652 865 1736 sapientibus
895 1654 1087 1717 interimitur
1110 1655 1323 1736 exemplorum

177 1757 388 1839 peraequatio.
435 1775 640 1839 quamquam,
672 1758 731 1820 etsi
760 1758 866 1821 omnia
889 1757 929 1822 ad
951 1760 1113 1840 speculum
1136 1760 1323 1842 respondere

178 1862 314 1945 possint,
346 1879 444 1925 unum
471 1865 502 1925 et
525 1863 727 1945 praecipuum
744 1863 920 1944 periculum
943 1863 1253 1947 interpretationum,
1284 1883 1323 1928 ne

178 1966 329 2031 aliorsum
352 1969 545 2048 temperetur
568 1966 701 2030 facilitas
724 1968 1016 2050 comparationum,
1031 1986 1126 2049 quam
1150 1986 1210 2050 quo
1233 1986 1324 2051 para-

176 2070 268 2135 bolae
299 2071 448 2152 cuiusque
478 2070 613 2133 materia
641 2071 814 2135 mandauit.
864 2072 1068 2135 meminimus
1100 2072 1185 2136 enim
1216 2076 1247 2136 et
1276 2073 1324 2136 hi·
1351 2097 1376 2136 ιε,

177 2175 327 2256 striones,
361 2192 434 2238 cum
464 2174 646 2258 allegoricos
676 2179 784 2259 gestus
816 2176 1057 2240 adcommodant
1088 2177 1232 2258 canticis,
1264 2178 1324 2241 1111

176 2281 271 2363 longe
295 2298 314 2343 a
335 2280 492 2362 praesenti
515 2283 547 2343 et
569 2279 678 2343 fabula
700 2283 732 2344 ot
754 2297 868 2344 scaena
888 2283 918 2344 et
932 2284 1112 2364 persona'et
1127 2285 1234 2344 tamen
1250 2299 1324 2345 con-

176 2384 400 2468 gruentissime
417 2385 634 2466 exprimentes.
657 2386 711 2448 sed
727 2384 842 2448 uiderit
857 2386 1019 2469 ingenium
1036 2386 1321 2450 extraordinarium.

177 2490 257 2554 nihil
287 2490 371 2553 enim
401 2489 441 2553 ad
463 2488 729 2554 Andromacham.
776 2490 821 2553 sic
853 2493 884 2554 et
914 2490 1062 2555 haeretici
1086 2490 1212 2554 easdem
1234 2508 1323 2573 para-

178 2594 267 2659 bolas
292 2612 352 2676 quo
375 2593 487 2658 uolunt
505 2593 658 2675 tribuunt,
682 2612 743 2657 non
761 2613 821 2677 quo
837 2595 954 2659 debent
967 2596 1129 2678 aptissime
1146 2594 1323 2659 excludunt.
1352 2620 1377 2658 so

178 2717 275 2781 quare
306 2698 489 2781 aptissime?
535 2699 681 2781 quoniam
706 2717 725 2762 a
746 2699 916 2782 primordio
948 2701 1120 2763 secundum
1146 2700 1323 2765 occasiones

178 2803 399 2888 parabolarum
426 2804 509 2886 ipsas
540 2804 688 2868 materias
711 2804 927 2868 confinxerunt
950 2805 1170 2869 doctrinarum.
1217 2805 1324 2869 uacuit

178 2908 299 2972 scilicet
321 2908 384 2971 illis
407 2908 518 2971 solutis
541 2926 560 2971 a
582 2909 691 2992 regula
714 2909 856 2972 ueritatis
880 2927 916 2972 ea
931 2910 1113 2991 conquirere
1129 2913 1222 2991 atque
1239 2927 1324 2974 com·

177 3030 304 3096 ponere,
323 3030 461 3093 ‚quorum
483 3012 650 3095 parabolae
673 3013 826 3076 uidentur.

223 3114 253 3180 9.
284 3116 349 3180 Nos
382 3119 489 3180 autem
525 3117 599 3199 quia
631 3135 693 3181 non
725 3137 760 3181 ex
791 3117 949 3201 parabolis
984 3119 1130 3183 materias
1164 3137 1323 3183 commen·
1350 3141 1376 3181 es

177 3225 293 3301 tamur,
317 3221 373 3284 sed
395 3239 432 3283 ex
455 3222 594 3285 materiis
617 3221 782 3304 parabolas
805 3224 1059 3304 interpretamur,
1082 3242 1140 3287 noc
1162 3224 1254 3287 ualde
1277 3225 1324 3287 11-

177 3326 328 3389 boramus
351 3326 457 3390 omnia
478 3327 510 3390 in
534 3327 722 3409 expositione
745 3331 900 3408 torquere,
924 3327 999 3391 dum
1014 3329 1169 3391 contraria
1182 3346 1324 3410 quaeque

178 3448 358 3494 caueamus.
388 3448 484 3513 quare
496 3433 623 3494 centum
635 3434 732 3495 oues?
750 3435 781 3495 et
796 3431 871 3512 quid
886 3432 994 3512 utique
1011 3431 1119 3495 decem
1135 3431 1323 3497 drachmae?

179 3538 212 3598 et
242 3552 321 3616 quae
351 3533 423 3598 illae
454 3538 587 3618 scopae?
632 3554 761 3599 necesse
791 3539 874 3616 erat,
905 3540 940 3599 ut
963 3536 1016 3618 qui
1037 3537 1130 3599 unius
1153 3537 1324 3619 peccatoris

179 3639 316 3703 salntem
347 3639 562 3721 gratissimam
592 3640 648 3703 deo
675 3639 802 3704 uolebat
825 3641 1010 3723 exprimere,
1043 3641 1179 3722 aliquam
1202 3641 1324 3705 numeri
1351 3666 1377 3705 eo

223 3777 240 3830 3
259 3778 388 3844 quaerant
405 3777 568 3832 Hortarius:
585 3780 718 3845 quaerunt
734 3779 762 3831 Β
833 3780 849 3833 9
868 3778 1009 3831 conueniet
1029 3779 1092 3833 Get:
1114 3793 1167 3831 non
1189 3779 1280 3832 ueniet
1297 3780 1325 3834 B
1396 3830 1398 3837 ,

180 3866 214 3918 10
232 3862 322 3930 aliqua
341 3854 473 3918 Santonas
531 3866 558 3916 et
576 3864 598 3916 si
616 3865 699 3934 uolgo
758 3867 789 3919 11
810 3863 903 3917 fauent
918 3864 1044 3919 Oebleras
1101 3867 1128 3918 et
1145 3865 1181 3933 B,
1200 3864 1246 3918 sed
1267 3865 1324 3934 θεῖ,

179 3950 269 4003 deleta
341 3950 793 4019 mammaemammal
865 3953 897 4005 14
919 3949 1036 4003 facilitas
1063 3953 1134 4005 Ima:
1161 3950 1274 4004 felicitas
1297 3953 1325 4005 Β

180 4038 214 4091 18
241 4035 419 4104 exprimentes
444 4038 507 4091 cer.-
534 4036 715 4104 exprimentur
742 4039 769 4090 B
842 4040 874 4092 19
897 4036 1113 4090 Andromacham
1140 4037 1202 4093 Ger:
1229 4037 1324 4091 andro-

178 4121 313 4175 machiam
336 4123 363 4176 B
434 4125 468 4178 20
494 4122 608 4176 trahunt
630 4124 695 4192 Lat,
717 4123 830 4177 tradunt
854 4126 926 4191 Scot,
949 4124 1084 4178 trahentes
1101 4126 1166 4193 fort.
1237 4124 1324 4178 exclu-

179 4208 260 4277 dunt]
280 4224 310 4261 ex
329 4224 356 4261 se
374 4209 429 4276 (act
447 4208 584 4278 exemplis)
602 4209 701 4264 ludunt
718 4213 791 4279 fort,
810 4211 944 4263 excudunt
956 4212 1099 4265 Homlius
1151 4212 1183 4266 21
1199 4212 1324 4279 quoniam

181 4295 246 4349 cer:
263 4310 380 4363 quonam
393 4297 420 4350 B
489 4298 524 4352 22
535 4297 643 4351 uacauit
658 4299 710 4353 Urs
763 4300 797 4352 24
814 4297 955 4366 parabolae
973 4295 1167 4366 exemplafort.
1221 4300 1325 4353 290rat

182 4382 246 4437 Get:
264 4383 341 4435 erant
352 4382 380 4437 B
434 4385 463 4435 ut
475 4383 538 4437 add.
556 4384 682 4439 Oebleras
735 4386 768 4439 30
787 4384 836 4437 deo
857 4384 920 4441 θεῖ·
938 4402 953 4440 1
972 4384 1020 4437 deo
1038 4384 1066 4438 B
