3200 5034
558 445 593 498 II.
613 445 658 497 De
676 443 967 499 111111111112-4.
1292 443 1334 507 33

189 622 298 692 sonat3
322 618 361 683 ab
378 635 414 682 eo
429 637 485 700 per
501 619 738 684 diminutionem
762 620 881 680 εἴδωλον
905 619 1101 704 deductum,;
1130 637 1228 700 aeque
1251 619 1334 701 apud

188 738 247 785 nos
278 722 378 787 forma
409 723 578 787 formulam
609 724 691 787 fecit.
726 723 823 807 igitur
853 724 955 788 omnis
985 723 1088 787 forma
1117 724 1168 787 1111
1199 723 1334 786 formula

81 825 307 890 fnooidolum
334 846 368 890 se
395 827 454 891 dici
481 828 641 914 euposcit.¹
672 828 744 891 inde
774 827 948 891 idololatria
978 827 1080 891 omnis
1107 827 1189 890 circa
1212 823 1216 911 1
1241 843 1333 890 omne

188 929 308 994 idolum
331 931 501 996 famulatus
526 935 557 996 et
580 932 724 996 seruitus.
756 933 829 996 inde
852 935 884 996 et
898 932 1000 996 omnis
1022 932 1096 996 idoli
1118 931 1230 996 artifex
1252 931 1334 994 eius-

189 1033 262 1098 dem
286 1035 432 1099 etunius
456 1039 505 1101 est
527 1036 675 1117 criminis,
699 1036 761 1100 nisi
775 1055 888 1119 parum
911 1037 1106 1100 idololatrian
1129 1037 1262 1118 populus
1278 1035 1333 1098 ad·
1372 1054 1385 1094 a

187 1137 286 1218 misit,
310 1139 383 1220 quia
406 1139 609 1204 simulacrum
631 1140 723 1205 uituli
746 1143 777 1204 et
799 1158 863 1204 non
885 1141 1020 1204 hominis
1047 1139 1107 1204 sibi
1129 1139 1332 1204 consecrauit.

231 1239 262 1305 4.
286 1241 409 1307 Idolum
432 1246 498 1307 tam
521 1242 588 1308 fieri
611 1262 705 1325 quam
729 1244 789 1309 coli
812 1245 888 1308 deus
910 1242 1064 1327 prohibet.
1104 1247 1221 1325 quanto
1243 1261 1333 1325 prae-

188 1345 280 1426 eedit,
303 1350 339 1410 ut
360 1347 417 1411 fiat
439 1349 521 1428 quod
544 1349 603 1412 coli
625 1349 733 1430 possit,
761 1351 850 1412 tanto
877 1349 964 1431 prius
988 1352 1047 1429 est,
1075 1368 1114 1412 ne
1137 1347 1201 1428 fiat,
1225 1347 1251 1411 si
1273 1347 1333 1411 coli

189 1467 252 1513 uon
275 1450 358 1514 lieet.
404 1455 531 1535 propter
554 1453 635 1517 hane
658 1471 796 1534 causam,
821 1453 861 1517 ad
883 1453 1102 1517 eradicandam
1125 1452 1243 1516 scilicet
1265 1469 1333 1514 ma-

187 1555 301 1619 teriam
324 1555 528 1637 idololatriae,
552 1559 600 1621 lex
617 1556 722 1622 diuina
745 1559 929 1641 proclamat,
952 1577 997 1621 ne
1019 1557 1155 1620 feceris
1178 1556 1331 1635 idolum,
1360 1573 1385 1615 11

189 1661 221 1722 11
236 1660 439 1744 coniungens,
462 1680 580 1742 neque
596 1662 885 1726 similitudinem
910 1679 1147 1743 eorumquae
1169 1661 1206 1724 in
1228 1660 1332 1723 caelo

189 1767 277 1827 sunt
300 1767 337 1828 et
358 1783 451 1846 quae
477 1766 514 1828 in
537 1769 638 1830 terra
661 1769 696 1830 et
717 1784 810 1847 quae
833 1767 870 1830 in
893 1766 1000 1846 mari,
1023 1769 1088 1830 toto
1111 1765 1228 1829 mundo
1251 1764 1333 1828 eius-

188 1867 421 1933 mediantibus
449 1869 608 1933 interdixit
636 1869 734 1935 seruis
763 1870 821 1934 dei.
869 1872 1081 1934 antecesserat
1107 1868 1215 1932 Enoch
1243 1885 1332 1951 prae-

188 1970 294 2035 dicens
323 1973 429 2036 omnia
456 1974 626 2054 elementa,
655 1992 780 2038 omnem
810 1974 920 2038 mundi
947 1991 1091 2054 censum,
1118 1991 1207 2057 ,quae
1235 1973 1331 2052 eaelo,

188 2092 267 2155 quae
283 2077 373 2156 mari,
394 2094 473 2158 quae
489 2081 574 2141 terra
589 2079 798 2158 continentur,
821 2079 854 2141 in
869 2078 1064 2142 idololatrian
1079 2094 1243 2161 ι1111111111
1260 2077 1332 2140 dae·
1358 2093 1383 2133 1⁵

189 2197 299 2243 monas
323 2184 355 2244 et
375 2181 501 2261 spiritus
525 2182 718 2246 desertorum
743 2182 936 2266 angelorum,
960 2186 995 2245 ut
1017 2182 1149 2264 prodeo
1170 2181 1331 2267 ,aduersus

189 2282 282 2346 deum
299 2288 564 2349 consecrarentur.
604 2286 709 2351 omnia
731 2287 826 2368 igitur
841 2287 914 2350 colit
928 2286 1085 2349 humanus
1101 2288 1332 2370 er,1·or,praeter

164 2411 166 2416 ·
188 2387 292 2468 ipsum
316 2389 456 2452 omnium
480 2389 680 2453 conditorem.
725 2408 834 2454 eorum
857 2391 1011 2473 imagines
1033 2390 1133 2474 idola„
1157 2390 1332 2472 imaginum

189 2493 381 2556 consecratio
403 2492 586 2558 idololatria.
625 2495 771 2576 quicquid
794 2495 979 2578 idololatria,
1000 2494 1180 2573 committ't,
1202 2494 1234 2556 in
1258 2494 1332 2556 arti-

189 2593 280 2658 ficem
303 2615 531 2680 quemeumque
555 2602 586 2662 et
602 2599 824 2679 cuiuscumque
846 2598 921 2662 idoli
935 2598 1102 2680 deputetur
1123 2616 1251 2661 necesse
1273 2600 1330 2661 est.
1359 2619 1385 2658 ao

190 2699 322 2781 denique
345 2701 428 2765 idem
451 2702 559 2765 Enoch
583 2703 677 2766 simul
701 2706 732 2765 et
754 2702 889 2766 cultores
911 2687 1000 2787 ,idoli
1022 2705 1055 2765 et
1076 2689 1280 2766 fabricatores
1300 2702 1333 2764 in

191 2805 432 2868 comminatione
462 2806 676 2887 praedamnat.
724 2810 756 2870 et
785 2826 913 2870 rursus:
951 2806 1031 2870 iuro
1065 2805 1172 2869 uobis
1207 2823 1334 2888 pecca-

190 2910 310 2988 tores,
345 2909 441 2989 quod
475 2912 511 2973 in
546 2910 642 2974 diem
678 2911 875 2993 sanguinis
913 2911 1139 2991 perditionis
1174 2910 1333 2973 tristitia

189 3015 322 3094 parata
338 3015 403 3077 est.
437 3014 498 3095 qui
516 3015 671 3078 seruitis
687 3014 877 3097 lapidibus
899 3015 1014 3095 etqui
1037 3015 1220 3097 imagines
1243 3015 1332 3077 faci·

189 3116 239 3179 tis
257 3115 388 3180 aureas
411 3120 446 3180 et
461 3122 661 3200 argenteas
678 3122 712 3181 et
727 3119 874 3201 ligneas
895 3121 931 3182 et
950 3118 1118 3201 lapideas
1138 3121 1175 3182 et
1189 3119 1333 3182 fictiles
1359 3138 1385 3178 sa

190 3223 225 3282 et
249 3221 403 3284 seruilis
425 3221 756 3303 phantasmatibus
780 3226 817 3285 et
840 3222 1050 3285 daemoniis
1074 3225 1110 3286 et
1132 3222 1332 3304 spiritibus

90 3328 170 3387 f.108
191 3323 354 3388 infernis
383 3328 418 3388 et
440 3326 612 3389 omnibus
638 3326 641 3411 1
667 3325 858 3390 erroribus
886 3315 959 3390 non
984 3327 1188 3389 secundum
1216 3327 1333 3389 scien-

190 3427 296 3507 tiam,
321 3428 463 3492 nullum
492 3429 540 3492 ab
569 3430 616 3492 iis
644 3430 851 3493 inuenietis
875 3430 1065 3493 auxilium.
1110 3429 1220 3493 Esaias
1247 3448 1332 3509 uero,

193 3583 197 3590 ·
295 3565 340 3633 10]
359 3563 403 3618 Ex.
423 3567 465 3629 20,
479 3567 502 3620 3.
521 3566 599 3620 Dent.
620 3570 644 3630 5,
657 3569 681 3622 8.
728 3565 1332 3634 22]11.Ι)11Β11111Η1111111(1111111111-

191 3667 281 3715 mann,
299 3668 324 3720 p.
339 3651 382 3720 72)
400 3653 442 3716 99,
456 3654 472 3706 6
485 3668 540 3720 sqq.

236 3772 485 3827 ldaminutionem
516 3776 572 3828 Iura
635 3773 737 3827 idolum
766 3777 794 3829 A
847 3782 912 3845 post
936 3774 1080 3828 deductum
1109 3776 1225 3830 distinxi
1288 3774 1332 3828 de

191 3859 311 3924 ductum,
330 3876 395 3928 quae
408 3862 454 3927 (sc.
468 3860 622 3927 diminuuo)
640 3877 721 3930 aeque
739 3864 884 3917 Homolion
937 3865 1003 3930 aput
1014 3864 1041 3916 A
1094 3865 1110 3916 2
1129 3861 1216 3914 forma
1233 3863 1333 3915 addidi

190 3947 271 4014 dqui
289 3947 317 4000 Β
370 3947 486 4000 hominis
505 3949 540 4015 A,
560 3948 646 4001 omnis
665 3950 692 4003 Β
747 3951 911 4003 ltamanA
967 3950 999 4003 1o
1018 3948 1110 4001 feceris
1123 3949 1158 4015 A,
1177 3947 1332 4001 feceritisB

191 4035 223 4088 13
241 4031 421 4103 11111111Β19.Ι
439 4033 578 4088 enimhoc
596 4037 652 4089 AB
713 4035 867 4103 praedicens
886 4035 977 4088 Enoch
996 4036 1067 4089 Pom
1130 4038 1162 4090 14
1181 4050 1287 4088 sensum
1305 4037 1332 4089 Β

192 4123 222 4176 15
241 4119 396 4174 continetur
413 4121 440 4174 A
495 4121 685 4176 indomitum
702 4123 729 4176 B
774 4126 805 4177 19
824 4120 950 4190 quicquid
968 4121 1108 4174 idololatra
1126 4123 1153 4175 Β
1205 4124 1333 4190 2211111-

190 4206 301 4260 damnat
324 4221 444 4275 prorsus:
469 4207 531 4260 Iuro
556 4210 612 4263 Iun
672 4211 706 4264 23
730 4211 758 4261 et
781 4209 938 4278 perditionis
962 4210 1026 4275 Iao,
1050 4209 1106 4278 Rip
1168 4208 1279 4261 tristitia
1296 4209 1332 4275 A,

150 4293 354 4363 paenitentia
373 4294 400 4348 B
470 4296 504 4348 26
523 4293 653 4349 demoniis
671 4297 699 4349 A
769 4298 801 4350 27
825 4293 937 4347 infernis
956 4297 1118 4350 Horrisias:
1141 4294 1250 4348 infamis
1268 4297 1332 4364 AB,

190 4379 337 4434 infamibus
356 4381 437 4449 Pam,
449 4381 513 4447 Lot,
532 4381 632 4434 insanis
650 4383 708 4449 Urs,
726 4382 755 4434 in
767 4381 837 4434 fanis
854 4381 981 4436 Oeblecae
1024 4385 1058 4438 28
1076 4380 1129 4434 hab
1142 4383 1169 4436 A
1214 4381 1295 4435 eseias
1305 4383 1331 4435 A

240 4477 284 4518 xi.
299 4475 359 4517 'lert
371 4476 388 4516 1.
1160 4473 1175 4522 3
