3200 5034
594 450 654 504 vn.
674 450 720 504 Dc
738 450 904 518 baptismo
921 451 999 504 4-5.
1305 403 1369 512 205

227 628 302 692 deos
325 645 397 692 suos
416 625 628 691 lauationibus
644 625 787 690 efferunt.
826 628 966 689 ceterum
981 624 1085 703 uillas,
1108 623 1226 703 domos,
1250 622 1369 705 templa

227 735 373 814 totasque
402 730 496 795 nrbes
527 730 693 815 aspergine
723 730 925 794 circumlatae
956 746 1054 811 aquae
1086 727 1212 810 expiant
1239 728 1367 809 passim.

227 840 311 901 certe
333 836 415 900 ludis
438 834 674 917 Apollinaribus
697 838 730 899 et
751 834 921 898 Eleusiniis
945 834 1131 917 tinguuntur
1160 831 1252 914 idque
1280 850 1313 895 se
1336 832 1369 895 in

227 941 496 1024 regenerationem
520 943 551 1004 et
565 941 788 1023 impunitatem
803 938 1010 1021 periuriorum
1031 955 1159 1001 suorum
1174 954 1369 1021 agereprae-

227 1049 367 1110 sumunt.
412 1046 489 1109 item
518 1063 614 1125 penos
645 1048 769 1109 ueteres
796 1044 928 1125 quisque
956 1061 989 1105 se
1016 1041 1182 1106 homicidio
1209 1041 1368 1122 infecerat,
1395 1067 1408 1105 s

227 1150 421 1234 purgatrices
446 1167 542 1231 aquas
566 1148 755 1230 explorabat.
801 1148 896 1231 igitur
924 1148 950 1210 si
972 1147 1010 1210 de
1033 1147 1100 1210 sola
1126 1150 1238 1210 natura
1261 1163 1369 1228 aquae,

228 1254 310 1336 quod
339 1254 464 1336 propria
494 1254 627 1317 materia
656 1254 698 1317 sit
728 1252 886 1332 abluendi,
916 1252 949 1316 in
977 1252 1116 1333 auspicia
1139 1250 1369 1315 emundationis

227 1359 439 1438 blandiuntur,
462 1362 579 1441 quanto
601 1358 633 1423 id
655 1358 761 1422 uerius
784 1375 884 1439 aquae
903 1355 1110 1439 praestabunt
1129 1374 1184 1438 per
1199 1356 1248 1419 dei
1264 1359 1370 1419 ancto-

228 1464 365 1544 ritatem,
397 1481 416 1527 a
445 1481 506 1545 qno
534 1463 637 1527 omnis
664 1465 777 1527 natura
799 1480 909 1526 aarum
932 1460 1102 1525 constituta
1130 1463 1202 1524 est?
1245 1457 1274 1523 'si
1299 1460 1370 1523 reli-

227 1569 320 1651 gione
349 1586 466 1650 aquam
493 1567 642 1631 medicari
663 1569 787 1650 putant,
819 1585 899 1648 quae
928 1565 1029 1647 potior
1056 1565 1165 1648 religio
1195 1582 1290 1646 quam
1320 1564 1370 1628 dei
1397 1589 1422 1627 ιο

227 1673 315 1737 uini?
360 1690 421 1755 qno
451 1671 558 1756 agnito
588 1672 639 1735 hic
669 1689 791 1754 quoque
818 1671 958 1735 studium
980 1668 1097 1733 diaboli
1118 1670 1369 1753 recognoscimus

227 1795 279 1840 res
309 1775 358 1841 dei
390 1776 588 1856 aemulantis,
619 1794 691 1839 cnm
722 1779 754 1839 et
783 1775 851 1856 ipse
874 1774 1068 1863 baptismum
1095 1773 1128 1837 in
1151 1774 1215 1837 suis
1238 1778 1368 1838 exercet.

228 1881 304 1961 quid
327 1881 450 1945 simile?
494 1879 677 1944 immundus
700 1880 863 1959 emundat,
893 1878 1030 1961 perditor
1052 1878 1175 1958 liberat,
1202 1879 1369 1944 damnatus

227 1984 375 2049 absoluit.
418 2002 509 2048 snam
531 1984 676 2048 uidelicet
695 2001 823 2066 operam
843 1983 983 2047 destruet
1003 1982 1124 2046 diluens
1145 1982 1267 2062 delicta,
1291 2001 1370 2064 quae

227 2089 362 2171 inspirat
383 2089 460 2170 ipsc.
498 2089 576 2153 haec
598 2088 724 2170 quidem
747 2088 780 2151 in
803 2088 1022 2151 testimonium
1047 2087 1151 2168 posita
1173 2090 1248 2150 sunt
1269 2088 1370 2170 repel-
1397 2110 1422 2148 ιι

226 2192 365 2257 lentibus
388 2192 493 2273 fidem,
517 2194 544 2257 si
566 2192 696 2257 minime
719 2191 848 2256 credant
869 2190 963 2255 rebus
990 2191 1049 2273 dei,
1077 2209 1210 2272 quarum
1233 2192 1370 2255 adfecta-

227 2297 366 2361 tionibus
389 2297 473 2380 apud
496 2298 656 2361 aemulum
678 2297 728 2361 dei
751 2296 901 2361 credunt·
927 2312 1038 2370 ,annon
1062 2298 1093 2358 et
1115 2294 1192 2358 alias
1216 2295 1284 2359 sine
1306 2296 1370 2361 ullo

228 2405 424 2466 sacramento
454 2402 609 2467 immundi
631 2402 757 2484 spiritus
781 2400 870 2481 aquis
893 2399 1044 2464 incubant
1070 2398 1260 2463 adfectantes
1283 2401 1370 2464 illam

227 2507 261 2569 in
283 2506 452 2587 primordio
476 2506 575 2570 diuini
597 2505 725 2589 spiritus
747 2504 979 2589 gestationem?
1018 2504 1121 2567 sciunt
1144 2505 1232 2585 opaci
1255 2505 1370 2587 quique

227 2610 331 2674 fontes
359 2614 390 2675 ct
417 2610 480 2675 auii
507 2610 622 2692 quique
652 2612 712 2674 riui
739 2614 770 2674 et
795 2611 829 2673 in
851 2609 974 2673 balneis
996 2609 1134 2691 piscinae
1160 2612 1192 2672 et
1215 2609 1315 2691 euripi
1337 2611 1368 2673 in
1397 2633 1422 2671 so

228 2714 374 2778 domibus
405 2715 457 2778 uel
486 2714 640 2778 cisternae
670 2718 703 2779 et
731 2715 829 2796 putei,
860 2714 913 2796 qui
935 2731 1044 2796 rapere
1068 2714 1222 2793 dicuntur,
1253 2714 1371 2779 scilicet

227 2837 285 2899 per
312 2818 379 2882 uim
409 2817 538 2900 spiritus
569 2819 718 2883 nocentis.
756 2836 831 2883 nam
861 2820 893 2881 et
920 2819 942 2901 †
965 2818 1077 2882 esietos
1106 2821 1137 2882 et
1163 2817 1370 2900 lymphaticos

229 2926 262 2986 et
291 2921 509 3004 hydrophobos
539 2925 664 3002 uocant,
694 2939 771 3004 quos
801 2940 900 3003 aquae
931 2925 1123 2986 uocauerunt
1152 2923 1371 2987 tutamentis

229 3025 282 3089 uel
303 3026 470 3089 formidine
493 3028 707 3091 exercuerunt.
746 3042 896 3107 quorsum
923 3026 987 3089 ista
1012 3025 1201 3090 retulimus?
1238 3026 1370 3107 nequis

227 3129 336 3193 durius
358 3129 466 3194 credat
488 3130 636 3212 angelum
659 3129 709 3193 dei
731 3132 876 3193 sanctum
903 3129 992 3211 aquis
1020 3129 1053 3193 in
1076 3130 1211 3193 salutem
1233 3130 1368 3194 heminis
1396 3156 1422 3195 a

229 3234 442 3316 temperandis
472 3234 593 3314 adosse,
624 3252 696 3298 cum
727 3234 858 3316 angelus
888 3234 991 3297 malus
1020 3234 1187 3315 profanum
1218 3252 1371 3299 commer-

228 3337 313 3401 cium
341 3338 480 3402 oiusdem
508 3339 655 3403 elementi
677 3338 710 3401 in
733 3338 904 3419 perniciem
927 3338 1062 3402 hominis
1089 3338 1277 3420 frequentat.
1316 3357 1371 3403 an-

229 3442 337 3523 gelum
367 3442 455 3524 aquis
484 3442 674 3507 interuenire
706 3443 732 3505 si
759 3442 1038 3523 nouum-uidetur,
1069 3443 1246 3524 exemplum
1273 3443 1371 3507 futuri

228 3547 450 3627 praecucurrit.
488 3547 642 3629 piscinam
665 3546 870 3611 Bethsaidam
896 3547 1027 3631 augelus
1050 3547 1263 3612 interuenieus
1287 3566 1371 3612 cem-

273 3699 454 3755 3Eleusiniis
481 3702 546 3756 Urs:
572 3700 686 3754 Pelusiis
710 3702 738 3755 Β
797 3700 956 3771 5quisquis
981 3702 1032 3757 cel
1089 3702 1280 3771 6purgatricc
1303 3719 1372 3772 aqua

229 3786 315 3856 Bmp,
335 3789 386 3843 Get
456 3787 611 3857 expiabatur
627 3789 708 3859 Bmp,
731 3806 758 3842 se
781 3788 905 3858 expiabat
924 3790 975 3845 Gal
1048 3805 1116 3858 aqua
1136 3791 1198 3859 cet,
1221 3790 1297 3859 aquis
1320 3793 1371 3847 Urs

229 3877 245 3929 7
265 3873 392 3928 abluendi
413 3877 478 3931 Urs:
500 3874 661 3944 adloquendi
678 3878 714 3945 Β,
737 3876 880 3944 adlegendi
898 3878 977 3946 Bmp,
1001 3876 1051 3931 (iel
1120 3876 1149 3930 in
1167 3877 1285 3946 auspicia
1307 3880 1372 3937 Ura:

229 3961 259 4015 in
281 3961 393 4030 auspicii
415 3962 454 4030 Β,
478 3962 589 4031 auspicii
612 3964 697 4033 Bmp,
722 3963 773 4018 Gal
862 3965 894 4019 14
914 3962 1110 4018 deluensIaa:
1129 3966 1269 4020 sacellam
1286 3982 1372 4034 capra

231 4051 264 4104 18
288 4047 387 4117 [aquis]
410 4050 438 4104 B
507 4052 540 4105 22
563 4066 627 4103 nam
644 4050 667 4103 dc
685 4051 780 4104 esietos
797 4052 834 4119 B,
858 4067 920 4103 nam
939 4053 966 4104 et
984 4052 1089 4105 enectos
1106 4052 1163 4119 Gal,
1183 4067 1244 4105 nam
1263 4055 1291 4106 et
1308 4068 1371 4120 apo-

228 4135 335 4204 pnictcs
357 4137 416 4204 Urs,
434 4152 497 4189 nam
515 4134 663 4202 ἐξεστηκότα
679 4138 723 4191 ael
735 4153 799 4190 nam
811 4136 874 4197 ἄταις
886 4137 954 4191 ictos
966 4140 1030 4207 fort.
1084 4138 1288 4207 nympholeptos
1304 4139 1371 4194 Oeb-
1394 4179 1396 4182 ψ

229 4224 310 4289 mos,
328 4222 480 4290 lymphatos
501 4223 551 4278 Gal
611 4225 646 4279 28
663 4222 851 4292 hydrophobos
871 4224 935 4279 cer:
956 4223 1145 4293 hydrophobas
1161 4226 1190 4279 Β
1249 4228 1283 4281 24
1301 4242 1372 4279 exer-

229 4312 346 4362 cuerunt
356 4309 436 4379 Bmg,
452 4310 515 4365 Gal:
533 4313 691 4363 execuerunt
702 4312 731 4365 Β
782 4313 817 4365 26
830 4310 940 4379 angelus
952 4310 1039 4365 malus
1055 4311 1119 4366 Get:
1136 4312 1237 4380 augolis
1255 4312 1333 4365 malis
1344 4314 1372 4367 B

228 4394 374 4464 profanum
396 4397 462 4451 Urs:
478 4396 606 4464 profanus
624 4398 651 4452 B
704 4400 737 4453 27
755 4397 908 4465 frequentet
931 4399 982 4453 Urs
