3200 5034
435 468 486 523 111.
505 469 552 523 Ad
572 468 722 523 nationes
740 468 795 524 lib.
815 470 830 523 I
850 471 959 525 19—20.
978 468 1008 522 11
1027 472 1049 524 1.
1269 469 1311 535 93

90 650 155 705 fiov
171 648 284 725 uestro,
315 648 378 729 aut
399 645 532 731 trabemj
561 642 569 731 Η
599 646 637 708 de
661 646 748 709 oculo
772 648 888 725 uestro,
919 648 954 709 ut
977 646 1126 729 stipulam
1149 646 1186 708 de
1211 647 1311 710 alieno

172 749 351 813 extrahatis,
397 750 561 814 emendate
583 748 800 835 nosmetiplsos
822 751 919 833 price,
942 755 978 816 ut
993 749 1186 815 Christianos
1201 751 1312 835 punia-

171 852 219 916 tis.
277 854 337 919 nisi
375 855 457 937 quod
495 855 752 935 emendaremus,
791 873 854 919 non
891 853 1053 939 punietis,
1091 855 1188 919 immo
1227 855 1311 919 eritis

172 955 354 1053 Christiani3
377 960 474 1024 immo
497 960 524 1023 si
538 959 659 1023 fueritis
676 958 855 1039 Christiani,
880 959 967 1023 eritis
989 960 1155 1024 emendati.
1177 964 1182 1036 1
1202 959 1312 1024 disoIte

171 1065 243 1147 quid
266 1064 299 1128 in
322 1064 412 1130 nobis
436 1064 597 1145 accusetis,
622 1068 653 1128 et
683 1082 745 1129 non
769 1063 983 1128 accusabitisz.
1002 1065 1214 1148 recognoscite
1237 1064 1312 1146 quid
1352 1093 1364 1131 s

170 1170 201 1233 in
221 1167 225 1253 Ι
245 1170 336 1233 uobis
360 1188 422 1234 non
445 1170 609 1249 accusetis,
633 1172 664 1233 et
687 1169 884 1233 accusabitis.
929 1171 1017 1251 patet
1037 1169 1100 1233 iam
1123 1169 1197 1232 hino
1212 1169 1311 1248 uobis,

171 1278 324 1355 quantum
348 1271 477 1359 aperitre
499 1274 693 1357 potuerimus
717 1293 733 1337 e
755 1274 899 1356 pauculis
921 1274 991 1337 istis
1013 1273 1172 1353 libellulis,
1200 1272 1311 1337 erroris

170 1378 321 1460 inspectio
346 1382 377 1442 et
400 1379 542 1443 ueritatis
563 1381 567 1462 t
586 1378 768 1461 recognitio.
815 1378 962 1441 damnate
985 1378 1160 1457 ueritatem,
1189 1377 1243 1440 sed
1265 1377 1313 1440 in-

170 1486 310 1563 spectam
341 1484 368 1547 si
397 1484 537 1566 potestis
575 1486 608 1547 ot
636 1482 767 1565 probate
794 1480 798 1566 Ι
827 1500 974 1562 errorem,
1012 1482 1067 1545 sed
1097 1485 1255 1564 repertum
1286 1481 1313 1544 si

169 1588 297 1669 putatis.
344 1588 452 1669 quodsi
474 1587 697 1671 praescribitur
719 1586 810 1651 uobm
834 1606 970 1651 errorem
990 1590 995 1668 1
1013 1604 1138 1671 tajmare
1162 1590 1193 1650 ct
1211 1587 1313 1649 odisse
1341 1616 1365 1655 ro

171 1691 348 1771 ueritatem,
372 1712 391 1753 r
415 1710 470 1756 our
492 1691 575 1774 quod
598 1692 710 1756 amatis
734 1695 766 1755 et
788 1691 898 1756 odistis
921 1708 984 1755 non
1007 1690 1168 1755 noueritis.
1196 1688 1199 1776 t

638 1896 846 1905 ———-

518 2042 663 2107 LIBER
694 2042 960 2109 SECUNDUS.

214 2217 241 2279 1.
289 2216 381 2281 Nunc
414 2220 451 2283 de
487 2219 553 2283 deis
584 2220 711 2299 uestris,
746 2219 943 2283 miserandae
977 2219 1133 2298 nationes,
1168 2218 1314 2301 congredi

171 2318 360 2406 uopbijscum
391 2322 529 2387 defensio
561 2327 668 2388 nostra
698 2323 868 2403 desiderat,
902 2341 1075 2405 prouocans
1108 2323 1210 2405 ipsam
1240 2340 1314 2385 con-

171 2426 334 2489 scientiam
357 2430 498 2491 uestram
518 2429 522 2511 t
541 2428 599 2513 LadJ
622 2428 823 2508 censendum,
847 2445 887 2492 an
910 2446 982 2491 uere
1006 2427 1064 2506 dei,
1088 2430 1123 2491 ut
1143 2428 1248 2507 uultis
1273 2445 1312 2490 an
1341 2452 1366 2491 rs

170 2530 259 2611 falso,
288 2533 324 2594 ut
351 2532 430 2595 sciro
458 2550 520 2596 non
547 2532 654 2596 uultis.
722 2533 799 2595 haec
826 2533 911 2595 enim
936 2530 1110 2616 tpmatepia
1133 2534 1180 2595 est
1203 2532 1313 2594 erroris

170 2634 301 2699 humani
323 2654 379 2718 per
400 2635 553 2701 artificem
569 2637 645 2717 eius,
669 2656 708 2699 ne
724 2636 902 2719 ignorantia
917 2636 1028 2700 errorIs
1049 2638 1054 2713 1
1072 2636 1228 2721 tollatur„
1253 2654 1313 2717 quo

171 2741 271 2823 magis
302 2741 347 2804 rei
377 2741 453 2805 sitis.
521 2744 631 2823 patent
661 2742 742 2806 oculi
772 2759 831 2805 nec
859 2741 982 2815 uident;
1017 2741 1106 2805 hiant
1135 2759 1226 2804 aures
1257 2759 1314 2804 nec

171 2842 343 2929 autpdiuntp
378 2864 430 2909 cor
461 2849 566 2929 stupet
596 2846 725 2927 saliens,
761 2848 861 2910 nescit
895 2846 1019 2911 animus
1050 2846 1133 2928 quod
1163 2847 1313 2929 agnoscit.

170 2949 303 3030 denique
334 2950 360 3012 si
390 2947 531 3035 tauptam
561 2951 808 3035 peruersitatem
838 2968 902 3014 una
930 2951 1174 3033 praescriptione
1202 2951 1316 3014 discuti
1342 2975 1368 3013 20

169 3053 287 3134 liceret,
322 3054 354 3116 in
385 3055 526 3137 expedito
558 3054 562 3139 t
590 3060 684 3140 Lesset
706 3056 879 3141 njuntiatio,
914 3074 987 3119 cum
1009 3074 1118 3119 omnes
1140 3056 1217 3119 istos
1241 3056 1314 3119 deos

170 3157 208 3221 ab
226 3158 406 3222 hominibus
422 3160 585 3223 institutos
602 3179 665 3225 non
685 3157 689 3245 Ι
708 3161 852 3245 [negatis
874 3160 947 3244 ijam
969 3160 1042 3224 hinc
1065 3160 1205 3224 excidere
1220 3159 1314 3223 fidem

276 3322 319 3391 rs]
340 3320 373 3375 of.
388 3320 431 3376 ns.
445 3324 469 3388 o,
482 3324 506 3377 o.
521 3325 561 3379 ro.
580 3322 677 3377 narei.
693 3325 788 3393 13,14.
804 3326 845 3379 15.

214 3474 227 3527 I
252 3473 300 3525 aut
321 3470 425 3525 trabem
451 3472 536 3529 doro.-
559 3488 593 3525 au
606 3514 733 3527 .......
758 3473 793 3539 A,
819 3476 866 3525 eut
889 3514 996 3527 ......
1023 3472 1108 3528 Goth*
1178 3474 1195 3527 3
1218 3473 1240 3525 si
1263 3472 1314 3526 nisi

173 3558 307 3614 We'ssowo
351 3558 485 3612 emendati
497 3558 520 3611 si
533 3559 607 3612 eritis
619 3561 763 3614 Hartcde'uo
803 3563 818 3614 5
827 3566 899 3627 post.
913 3559 990 3627 quid]
1004 3558 1157 3627 quodGott
1205 3560 1313 3614 dctiam

171 3647 245 3701 Goth
298 3646 499 3714 Ipotdem'mus
517 3648 545 3700 A
564 3664 630 3701 corr.
684 3646 776 3715 paucis
798 3648 869 3702 Goth
924 3645 1052 3701 libellulis
1070 3648 1098 3701 A
1136 3649 1166 3702 11
1187 3649 1314 3702 mamam

168 3734 296 3803 oa'yrcoue':
308 3734 447 3788 intercidit
458 3734 534 3801 patet
545 3735 589 3787 recl
600 3734 688 3787 simile
701 3735 768 3803 quid
815 3733 911 3787 odistis
926 3735 1010 3788 Goth:
1022 3733 1102 3786 oditis
1114 3735 1142 3787 A
1185 3737 1217 3789 12
1230 3734 1313 3787 Trou

168 3819 344 3874 TVLLIANI
359 3850 364 3859 ·
379 3818 616 3874 ADNATIONES
639 3806 699 3874 Lu}
718 3821 732 3873 I
744 3850 748 3858 ·
759 3820 931 3875 EXPLICIT
943 3848 948 3859 ·
960 3820 964 3890 t
977 3820 1116 3874 INCIPIT
1139 3821 1247 3874 LIBER
1267 3821 1311 3873 II·

167 3906 407 3961 ADNATIONES
474 3910 506 3963 13
534 3908 709 3961 miseramdee
737 3910 764 3961 A
831 3911 863 3963 16
887 3908 1000 3961 materia
1029 3908 1114 3963 Goth:
1137 3908 1256 3962 ....ria
1276 3910 1313 3977 A,

169 3996 285 4049 ...eria
306 3995 376 4050 Bal*
448 3997 479 4049 17
499 3995 609 4049 tollatur
626 3997 695 4065 Rip:
709 3997 850 4062 ......A‚
870 3997 978 4048 eruatur
997 3997 1075 4064 Goth,
1095 3999 1171 4048 uacet
1188 3996 1313 4051 Oenone

169 4085 201 4138 19
215 4083 331 4137 audiunt
345 4083 476 4138 German
487 4126 560 4139 .....
573 4085 601 4138 A
654 4086 688 4138 20
701 4086 806 4137 tantam
815 4083 1018 4151 peruersitatem
1031 4083 1174 4139 Goth:tau
1187 4126 1273 4137 .....
1287 4101 1312 4135 r-

168 4171 328 4223 uersitatem
351 4170 386 4234 A,
410 4172 470 4223 tant
483 4149 509 4223 .’.
524 4213 529 4224 .
544 4213 549 4224 .
565 4213 569 4224 .
584 4170 738 4223 uersitatem
761 4170 839 4239 Bor,
858 4170 943 4225 Helo*
1031 4172 1063 4225 21
1088 4173 1158 4223 esset
1180 4170 1312 4223 nuntiatio

169 4259 254 4313 Goth:
275 4300 370 4311 ......
380 4258 496 4312 untiatio
509 4258 536 4312 A
589 4260 623 4312 22
641 4274 694 4311 non
707 4258 819 4325 negatis,
832 4257 885 4310 iam
899 4259 1121 4312 Hortclius:non
1132 4300 1257 4312 ........
1268 4275 1313 4311 em

166 4347 201 4409 A,
215 4362 271 4399 non
286 4387 393 4399 ......
407 4345 540 4409 amBnF,
560 4360 613 4398 non
632 4387 799 4400 .........
820 4346 884 4415 Rip,
903 4361 956 4397 non
970 4387 975 4396 .
990 4387 995 4397 .
1010 4388 1015 4397 .
1030 4388 1034 4397 .
1049 4361 1062 4397 s
1079 4345 1134 4398 iam
1146 4345 1240 4413 Hor,
1258 4362 1312 4399 non

165 4432 341 4486 manifestam
362 4431 442 4501 Gora,
464 4431 587 4486 nouimus
605 4433 658 4485 iam
681 4433 807 4487 Octlcrm
