3200 5034
392 453 438 506 IX.
458 454 502 505 De
521 452 646 514 ieiunio
665 450 823 504 aduersus
841 438 1013 517 psychicos
1032 450 1125 503 c-lc.
1262 444 1323 509 287

182 628 307 712 publice
330 632 488 708 resonant,
520 628 565 691 ita
588 631 619 690 et
643 624 859 690 sollemniores
882 624 980 687 fuisse
1003 623 1035 686 irr
1058 621 1250 687 orationibus
1281 621 1326 685 di·
1410 677 1412 682 .

182 734 290 797 uinis?
328 733 410 815 quod
442 732 536 796 etiam
564 731 674 795 suadet
702 729 845 796 Danielis
874 745 996 809 quoque
1028 729 1249 810 argumentum
1279 728 1327 789 ter
1395 782 1397 790 ,

183 837 233 901 die
256 838 384 917 orantis,
415 837 522 918 utique
545 855 600 919 per
624 835 800 916 aliquarum
831 834 978 896 horarum
1007 831 1231 914 exceptionem,
1264 848 1327 893 non

183 943 315 1006 aliarum
332 945 438 1005 autem
455 958 550 1022 quarn
565 939 782 1023 insigniorum,
806 938 914 1001 exinde
931 936 1181 1020 apostolicarum,
1205 935 1326 1015 tertiae,

183 1050 300 1127 sextae,
324 1063 433 1109 nonae.
472 1045 544 1109 hinc
567 1044 673 1126 itaque
697 1046 729 1107 ot
750 1043 881 1106 Petrum
906 1041 1009 1105 dicam
1032 1060 1068 1105 cr
1095 1043 1202 1105 uetere
1224 1039 1326 1122 potius
1367 1062 1379 1102 ⁵

183 1170 242 1214 usu
266 1168 383 1214 nonam
405 1149 592 1213 obseruasse
615 1148 706 1213 tertio
730 1150 873 1211 orantem
896 1162 1062 1229 supremae
1085 1144 1234 1209 orationis
1257 1163 1327 1207 mu-

183 1257 267 1318 nere.
306 1254 383 1318 haec
406 1257 513 1318 autern
535 1256 661 1335 propter
684 1252 754 1315 illos
777 1251 831 1332 qui
855 1270 888 1314 se
911 1253 1024 1334 putant
1051 1268 1087 1312 ex
1117 1249 1219 1313 forma
1240 1249 1327 1313 Petri

184 1378 286 1443 agere,
317 1379 413 1441 quam
443 1360 604 1443 ignorant3
635 1376 698 1422 non
728 1357 818 1439 quasi
845 1374 1030 1440 respuamus
1059 1372 1185 1435 nonam,
1216 1355 1266 1418 oui
1296 1358 1328 1418 et

182 1467 295 1546 quarta
317 1463 441 1528 sabbati
464 1466 496 1527 et
519 1466 607 1527 sexta
632 1462 806 1544 plurimum
828 1462 999 1544 fungimur,
1031 1461 1086 1523 sed
1116 1460 1189 1542 quia
1219 1477 1327 1524 eorum

183 1587 263 1650 quae
293 1588 329 1633 er
359 1568 527 1633 traditione
550 1567 759 1631 obseruantur
781 1569 871 1630 tanto
894 1566 995 1649 magis
1019 1565 1146 1648 dignam
1174 1565 1327 1629 rationem
1357 1589 1380 1626 ιο

184 1673 307 1737 adferre
336 1672 499 1753 debemus
531 1675 650 1754 quanto
674 1673 782 1735 carent
805 1670 974 1752 scripturae
1005 1669 1199 1749 auctoritate,
1230 1671 1328 1733 donec

183 1778 286 1859 aliquo
317 1778 444 1842 caelesti
477 1776 665 1841 charismate
698 1778 752 1839 aut
782 1774 1006 1839 confirmentur
1040 1778 1094 1838 aut
1123 1776 1326 1857 corrigantur.

184 1886 220 1945 et
242 1882 273 1945 si
295 1899 381 1964 qua,
412 1882 525 1962 inquit,
557 1880 758 1964 ignoratis,
791 1879 964 1943 dominus
995 1878 1101 1942 uobis
1129 1878 1326 1943 reuelabit.

182 1986 287 2067 itaque
310 1988 446 2069 seposito
469 1984 688 2050 confirmatore
719 1984 861 2048 omnium
890 1984 1023 2047 istorum
1053 1983 1220 2065 paracleto,
1252 1982 1328 2047 duce

183 2091 350 2154 uniuersae
373 2090 527 2171 ueritatis
551 2109 590 2153 an
614 2088 734 2172 dignior
758 2087 842 2171 apud
864 2105 920 2151 nos
943 2087 1021 2151 ratio
1037 2087 1196 2150 adferatur
1212 2104 1327 2151 nonam
1356 2110 1381 2151 rr

184 2193 373 2258 obseruandi
394 2195 526 2276 require,
557 2197 593 2257 ut
616 2193 711 2257 etiam
735 2193 829 2256 Petro
853 2210 890 2255 ea
911 2191 990 2254 ratio
1013 2190 1192 2273 deputanda
1219 2192 1271 2271 sit,
1302 2192 1329 2255 si

185 2298 320 2363 statione
343 2303 419 2363 tunc
441 2300 568 2363 functus
594 2301 650 2362 est.
689 2298 777 2362 uenit
800 2297 884 2359 enim
908 2296 945 2359 de
969 2296 1053 2360 exitu
1077 2296 1204 2376 domini,
1236 2314 1328 2377 quern

185 2404 245 2468 etsi
275 2422 399 2486 semper
432 2403 672 2467 commemorari
705 2404 828 2483 oportet
862 2401 928 2464 sine
963 2400 1139 2464 differentia
1172 2400 1328 2480 horarum,

184 2508 369 2590 impressius
393 2512 500 2572 tamen
522 2510 591 2571 tum
615 2506 643 2569 ei
667 2506 841 2569 secundum
860 2506 965 2587 ipsum
982 2506 1124 2570 stationis
1140 2505 1329 2569 uocabulum

185 2612 367 2675 addicimur.
406 2630 479 2676 nam
508 2614 539 2675 et
568 2610 683 2674 milites
713 2628 886 2691 numquam
917 2611 1117 2674 immemores
1141 2610 1330 2674 sacramenti
1356 2635 1382 2673 no

185 2716 289 2799 magis
318 2715 505 2781 stationibus
535 2717 655 2797 parent.
695 2715 800 2796 itaque
831 2714 863 2776 in
894 2732 1086 2795 eamusque
1116 2714 1226 2778 horam
1249 2715 1329 2778 cele-

184 2820 307 2883 branda
328 2838 475 2902 pressura
501 2822 560 2899 est,
592 2819 624 2882 in
656 2837 717 2901 qua
740 2838 759 2883 a
782 2821 870 2882 serta
899 2816 1142 2882 contenebratus
1165 2817 1249 2882 orbis
1277 2819 1330 2883 de-

185 2923 295 2988 functo
318 2923 443 2988 domino
461 2921 595 3006 lugubre
611 2923 687 2987 fecit
701 2921 851 3001 officium,
875 2925 910 2985 ut
925 2925 1000 2985 tuno
1015 2925 1047 2986 et
1062 2940 1119 2986 nos
1135 2926 1330 2986 reuertamur

186 3027 227 3090 ad
249 3027 486 3108 iucunditatem,
517 3046 590 3090 cum
622 3030 653 3090 et
684 3026 820 3089 mundus
852 3026 970 3109 recepit
997 3027 1181 3091 claritatem.
1221 3028 1279 3091 hoc
1303 3028 1330 3091 si

186 3131 289 3215 magis
320 3133 359 3195 ad
388 3132 573 3216 religionem
604 3130 688 3212 sapit
718 3129 944 3211 Christianam,
976 3132 1052 3194 dum
1082 3132 1184 3215 magis
1215 3130 1330 3196 Christi
1356 3156 1381 3195 25

186 3236 318 3318 gloriam
342 3236 488 3316 celebrat,
520 3254 649 3318 possum
680 3252 778 3317 aeque
810 3254 897 3299 serae
922 3236 1064 3299 stationis
1089 3255 1126 3300 er
1149 3235 1258 3300 eodem
1285 3237 1330 3299 rei

187 3339 295 3403 ordine
318 3342 439 3404 statum
461 3340 569 3423 figere,
592 3343 627 3404 ut
649 3340 827 3403 ieiunemus
852 3340 891 3403 ad
914 3358 1019 3403 serum
1035 3343 1233 3422 expectantes
1250 3344 1330 3405 tem-

186 3463 245 3527 pus
262 3443 435 3509 dominicae
452 3445 640 3527 sepulturae,
657 3464 730 3509 oum
745 3444 861 3527 Ioseph
876 3444 1071 3527 postulatum
1091 3444 1203 3508 detulit
1218 3462 1329 3527 eorpus

187 3551 220 3612 et
242 3548 389 3613 condidit.
428 3549 500 3613 inde
532 3553 563 3614 et
585 3549 795 3633 irreligiosum
820 3552 868 3612 est
891 3551 963 3612 ante
986 3548 1175 3613 famulorum
1203 3566 1330 3612 carnem

186 3652 366 3736 refrigerari
381 3671 476 3735 quam
492 3653 618 3718 domini.
643 3654 698 3717 sed
713 3654 866 3718 hactenus
883 3653 960 3716 haec
976 3672 1011 3716 cx
1023 3653 1330 3736 argumentationum
1357 3678 1383 3717 co

293 3815 335 3885 13]
354 3815 424 3870 Phil.
437 3818 462 3881 3,
477 3818 516 3871 15.
569 3816 615 3885 22]
635 3815 667 3870 cf.
687 3816 783 3870 Marcu.
803 3818 846 3880 27,
859 3818 901 3871 45.
955 3815 1001 3883 28]
1021 3814 1054 3869 cf.
1074 3814 1137 3871 ibid.
1157 3817 1198 3878 27,
1219 3818 1259 3870 57.

230 3965 247 4018 3
270 3962 420 4032 aliquarum
442 3962 503 4032 Bc,
526 3962 639 4017 aliarum
663 3964 714 4019 cer
782 3966 799 4018 4
823 3963 1000 4031 insigniorum
1026 3963 1088 4018 cer:
1111 3963 1284 4031 insigniorem
1303 3965 1330 4017 Β

187 4051 281 4119 8cui]
306 4066 358 4118 qua
384 4052 436 4107 Urs
525 4053 559 4106 14
580 4050 695 4119 seposito
720 4051 783 4106 Gal:
810 4050 833 4103 si
856 4050 942 4119 posito
964 4051 992 4104 Β
1081 4052 1113 4105 15
1138 4067 1172 4104 an
1195 4051 1258 4105 odd.
1281 4052 1331 4106 cer

187 4153 235 4190 uos
258 4140 310 4194 Urs
363 4138 432 4191 ratio
456 4136 593 4191 adferatur
617 4139 681 4193 Get:
703 4138 805 4191 ratione
828 4137 930 4191 feratur
952 4140 979 4191 Β
1050 4152 1147 4190 nonam
1169 4139 1281 4206 scopet:
1303 4138 1331 4190 in

187 4240 285 4277 nonam
304 4226 331 4279 B
386 4227 419 4279 16
437 4225 542 4293 requiro
555 4227 612 4280 Lat
666 4228 699 4280 19
716 4228 776 4277 turn
795 4224 819 4277 ei
832 4226 899 4279 Iao:
919 4240 980 4278 cum
999 4223 1035 4276 eis
1048 4226 1075 4277 Β
1128 4226 1162 4278 20
1181 4224 1331 4277 addicimur

191 4312 257 4365 Uro:
274 4309 438 4363 addiscimus
456 4313 483 4366 Β
553 4315 587 4367 24
605 4311 798 4365 iocunditatem
817 4312 844 4364 Β
912 4313 946 4365 30
965 4309 1117 4378 refrigerari
1138 4311 1204 4366 Urs:
1222 4309 1330 4378 refrige-

187 4414 245 4449 rare
265 4399 292 4451 Β
345 4397 392 4449 sed
411 4398 539 4451 hactenus
557 4399 622 4452 hacc
641 4401 676 4465 B,
699 4401 730 4449 ut
747 4398 813 4450 haec
834 4398 891 4463 Ger,
911 4397 957 4449 sed
975 4398 1025 4449 hoc
1044 4400 1115 4452 Pom
