3200 5034
311 419 354 483 42
541 420 656 486 Quinti
675 421 817 489 Septimi
835 420 1003 475 Florentis
1022 421 1223 476 Tertulliani

311 614 372 660 me.
410 597 442 659 in
466 596 551 660 nulle
574 599 767 661 necessarius
792 617 861 662 esse
885 597 981 661 debeo
1001 598 1063 678 alii,
1087 616 1159 661 curn
1181 598 1256 664 facit
1270 598 1352 680 quod
1375 598 1452 662 mihi

312 718 373 765 non
395 701 477 765 lieet.
523 720 559 765 ex
580 702 648 783 hcc,
672 702 754 783 quod
776 706 864 767 uetur
885 702 999 782 iacere,
1022 702 1202 786 intellegere
1224 701 1322 767 debeo
1341 720 1452 766 curan·

312 805 387 869 dum
410 805 486 868 mihi
509 825 587 886 esse,
611 805 725 870 nefrat
746 825 800 889 per
824 826 884 870 me.
916 807 1048 889 denique
1070 807 1102 870 in
1125 807 1186 871 alia
1207 824 1302 870 causa
1324 824 1386 870 non
1408 807 1452 870 le·

311 909 404 973 uicris
431 913 535 974 reatus
562 910 784 992 praeiudicium
811 911 896 975 istud
923 911 1063 976 obseruo.
1102 928 1177 974 nam
1204 910 1286 992 quod
1312 911 1390 973 mihi
1415 910 1451 974 de

272 1028 285 1068 e
311 1016 418 1095 stupro
444 1014 643 1078 interdictum
671 1017 719 1096 sit,
748 1016 816 1080 aliis
840 1016 879 1079 ad
903 1033 973 1079 eam
997 1034 1066 1079 rem
1089 1015 1166 1078 nihil
1188 1018 1243 1078 111
1265 1032 1376 1096 operae
1400 1018 1452 1078 aut

310 1118 517 1182 eonscientiae
540 1119 678 1183 exhibeo.
721 1137 795 1184 nam
819 1120 901 1202 quod
922 1121 1025 1202 ipsam
1048 1138 1175 1184 earnem
1197 1137 1301 1183 meam
1324 1120 1452 1200 11111-

310 1222 437 1286 naribus
454 1224 626 1307 segregaui,
650 1242 784 1308 agnosco
800 1244 851 1289 me
868 1243 968 1307 neque
982 1225 1170 1289 lenocinium
1186 1243 1286 1307 neque
1308 1225 1339 1287 id
1354 1243 1452 1307 genus

310 1328 433 1391 lucrum
459 1329 586 1392 alterius
614 1347 708 1392 causa
736 1347 877 1393 exercere
904 1346 1006 1411 posse.
1052 1330 1096 1392 sic
1124 1332 1155 1392 et
1181 1329 1337 1393 homicidii
1358 1330 1452 1391 inter-

311 1432 401 1496 dictio
428 1432 563 1497 ostendit
593 1434 670 1496 mihi
696 1434 845 1498 lanistam
872 1452 995 1516 queque
1025 1433 1063 1496 ab
1096 1434 1227 1497 ecclesia
1254 1434 1365 1497 arceri:
1396 1452 1453 1497 nec

260 1548 285 1588 1⁰
311 1556 415 1619 perse
432 1555 493 1601 non
516 1537 609 1601 faciet
624 1538 705 1619 quod
727 1539 905 1603 faciendum
929 1539 988 1602 alio
1008 1538 1234 1602 subministrat.
1266 1557 1337 1601 ecce
1353 1538 1453 1620 magis

310 1641 485 1723 proximum
511 1643 743 1724 praeiudicium.
790 1643 816 1706 si
837 1642 1034 1725 publicarum
1056 1643 1255 1706 uictimarum
1278 1641 1454 1722 redemptor

312 1746 350 1810 ad
372 1746 467 1810 fidem
489 1746 626 1827 accedat,
649 1746 811 1827 permittes
835 1747 863 1810 ei
884 1746 917 1810 in
940 1763 976 1810 eo
999 1747 1123 1829 negotio
1150 1749 1355 1827 permanere?
1402 1750 1454 1809 aut

312 1851 338 1914 si
352 1851 415 1914 iam
438 1850 537 1914 fidelis
560 1850 591 1914 id
614 1869 705 1934 agere
730 1851 909 1932 susceperit,
932 1850 1131 1914 retinendum
1154 1851 1186 1913 in
1210 1851 1343 1914 eeclesia
1364 1853 1454 1930 puta·

311 1954 380 2018 bis?
415 1972 477 2019 non
501 1955 617 2036 opinor,
641 1955 701 2018 nisi
723 1955 749 2018 si
772 1956 840 2037 quis
864 1958 894 2018 et
917 1955 955 2018 de
977 1955 1094 2018 turario
1117 1953 1334 2017 dissimulabit.
1375 1954 1454 2017 scili·

260 2068 285 2109 1⁵
312 2063 362 2123 cet
384 2059 423 2123 ad
447 2059 521 2123 alios
544 2060 687 2142 peruenit
709 2060 883 2140 procuratio
904 2059 1074 2142 sanguinis,
1098 2058 1138 2122 ad
1157 2059 1233 2123 alios
1249 2058 1388 2122 odorum.
1419 2059 1453 2137 si,

312 2167 479 2246 antequam
502 2164 583 2228 idola
605 2165 637 2228 in
661 2165 784 2228 saeculo
808 2167 923 2244 essent,
947 2165 995 2227 his
1017 2163 1173 2227 mercibus
1197 2163 1298 2226 adhuc
1313 2163 1454 2226 informis

310 2268 483 2332 idololatria
504 2269 745 2352 transigebatur,
769 2270 795 2332 si
818 2272 850 2333 et
872 2286 955 2333 nunc
978 2269 1042 2332 fere
1066 2268 1132 2331 sine
1155 2267 1236 2331 idolo
1259 2285 1336 2348 opus
1359 2267 1455 2330 idolo-

310 2374 419 2438 latriae
441 2373 590 2437 incendiis
614 2373 743 2437 odorum
764 2377 970 2455 perpetratur,
1002 2372 1112 2455 ecquid
1134 2371 1259 2435 maioris
1289 2389 1402 2452 operae
1425 2372 1456 2433 et

312 2496 387 2560 erga
416 2478 579 2541 daemonia
609 2478 766 2542 turarius?
810 2497 884 2542 nam
913 2477 1034 2541 facilius
1065 2476 1131 2540 sine
1161 2476 1242 2541 idolo
1272 2476 1454 2554 idololatria,
1566 2494 1567 2553 j

259 2593 285 2632 ²⁰
312 2600 407 2665 quam
423 2583 488 2646 sine
504 2583 613 2646 turarii
627 2601 740 2646 merce.
771 2582 868 2664 ipsius
891 2581 963 2645 fidei
978 2581 1200 2645 conscientiam
1223 2597 1436 2663 perrogemus
1450 2575 1453 2664 1

208 2768 211 2772 Ι
312 2705 373 2768 quo
395 2705 447 2750 ore
471 2685 664 2750 Christianus
687 2687 832 2766 11111111,
861 2687 887 2750 11
912 2705 968 2767 111
994 2686 1113 2766 templa
1139 2684 1294 2764 transibit,
1319 2685 1539 2766 1111111111

311 2791 469 2854 fumantes
486 2809 554 2854 aras
571 2791 701 2873 despuet
718 2794 748 2854 et
764 2789 950 2870 exsufflabit,
974 2788 1086 2872 quibus
1106 2789 1172 2870 ipse
1186 2789 1365 2870 prespexit?
1393 2806 1454 2870 qua

312 2895 486 2959 constantia
509 2895 692 2958 exorcizabit
714 2895 857 2958 alumnos
881 2912 963 2973 1111,
992 2893 1104 2979 quibus
1128 2892 1256 2956 domum
1280 2893 1456 2956 11111111-

235 2985 236 2988 *
311 3000 424 3065 larium
446 3002 605 3080 praestat?
638 3000 690 3064 ille
713 2999 839 3080 quidem
855 2999 881 3062 si
897 2998 1061 3061 excluserit
1084 2997 1293 3076 daemonium,
1317 2995 1456 3059 nonsibi

260 3112 286 3152 2⁵
312 3105 435 3188 placeat
462 3104 499 3167 de
526 3104 596 3167 fide.
643 3122 742 3184 neque
766 3104 850 3167 enim
872 3103 1034 3165 inimicum
1057 3102 1196 3165 exclusit.
1234 3101 1325 3164 facile
1348 3099 1456 3163 debuit

313 3209 351 3273 de
375 3227 410 3272 eo
438 3209 614 3289 impetrare,
642 3227 735 3290 quern
763 3207 872 3271 cotidie
899 3207 1008 3288 pascit.
1054 3206 1142 3269 nulla
1167 3205 1261 3287 igitur
1283 3223 1344 3283 ars,
1369 3205 1456 3267 nulla

312 3313 473 3396 professio,
500 3313 587 3376 nulla
610 3313 786 3395 negotiatio,
815 3310 992 3393 quecquid
1019 3313 1073 3373 aut
1099 3308 1288 3372 instruendis
1316 3310 1372 3370 aut
1393 3308 1456 3371 fer-

313 3417 437 3481 mandis
460 3416 548 3480 idclis
565 3415 770 3496 administrat,
794 3434 899 3479 carere
920 3414 1035 3495 poterit
1056 3414 1145 3477 titulo
1168 3412 1372 3486 idololatriam
1397 3412 1457 3474 nisi

315 3523 341 3586 si
368 3521 452 3586 aliud
479 3521 604 3584 omnino
636 3520 876 3600 interpretemur
902 3517 1112 3596 idololatrian,
1145 3534 1241 3597 quam
1267 3516 1457 3579 famulatum

262 3633 288 3673 ³⁰
314 3626 468 3690 idolorum
491 3623 699 3688 colendorum.
1391 3693 1395 3700 Ι

360 3729 409 3793 12.
433 3728 517 3792 Male
540 3727 629 3791 nobis
652 3727 689 3790 de
717 3724 955 3804 necessitatibus
978 3725 1134 3788 humanae
1163 3723 1358 3788 exhibitionis
1382 3742 1457 3804 sup-

314 3834 502 3918 plaudimus,
530 3833 648 3914 sipost
670 3830 764 3894 fidem
788 3829 987 3913 obsignatam
1010 3828 1154 3891 dicimus:
1186 3846 1249 3891 non
1270 3826 1371 3890 habeo
1394 3845 1456 3907 quo

359 4029 486 4094 5111111
504 4024 531 4077 Α
549 4039 616 4078 corr.
671 4020 841 4075 beardinem
860 4021 887 4073 A
905 4037 972 4074 corr.
1027 4016 1167 4073 8luerum
1182 4017 1245 4072 Gal:
1263 4015 1383 4069 locorum
1401 4017 1457 4082 AB
1566 4050 1567 4085 ,

316 4113 422 4171 9eelea
439 4114 467 4167 A
537 4108 648 4164 merceri
666 4109 694 4161 A
712 4125 779 4162 corr.
853 4109 885 4162 10
907 4123 955 4174 per
978 4122 1005 4158 se
1030 4105 1094 4160 Gal:
1115 4121 1192 4172 posse
1210 4105 1266 4158 AB
1336 4102 1402 4156 alios
1422 4105 1457 4170 B,
1566 4148 1567 4157 ,

317 4201 376 4254 aliis
397 4201 446 4256 Gal
494 4200 526 4252 13
545 4195 639 4250 eclesia
656 4195 683 4248 A
732 4196 765 4248 14
784 4194 969 4262 sisapecrs.
988 4194 1015 4246 A
1064 4194 1096 4246 19
1113 4191 1336 4260 iawwcpate'oais
1347 4191 1458 4259 1111111

313 4288 397 4357 posci
466 4283 539 4337 idolo
561 4283 625 4337 add.
649 4282 695 4336 Lo
721 4279 809 4336 Cerdo
883 4283 914 4334 21
939 4279 959 4332 si
984 4280 1034 4333 dcl.
1058 4279 1115 4332 Lot
1184 4293 1237 4345 que
1259 4292 1304 4330 ore
1327 4277 1458 4348 11111111

317 4377 351 4432 23
370 4372 504 4426 cellariam
525 4371 574 4425 ca
626 4371 660 4424 26
678 4366 797 4435 quetidie
815 4385 848 4424 aec
866 4366 962 4420 cotidie
981 4366 1008 4419 A
1060 4367 1094 4420 27
1113 4363 1261 4433 negociatio
1278 4363 1334 4419 AB
