3200 5034
306 420 370 484 358
537 420 653 485 Quinti
672 421 811 489 Septimi
828 421 996 475 Florentia
1014 420 1216 475 Tertulliani

304 597 400 678 tituli,
428 597 563 661 honores
585 596 713 681 publici,
743 599 907 681 priuilegia
936 598 1160 680 rependuntur,
1191 597 1242 661 cui
1272 597 1365 676 curia,
1395 598 1442 660 cui

304 702 437 785 populus
460 701 618 785 suffragiis
640 702 793 766 immolat.
840 702 987 767 oiudicia
1009 702 1116 766 diuina
1137 706 1209 786 post
1230 705 1365 765 mortem
1387 701 1443 764 hu-

303 806 406 869 manis
440 805 652 887 mendaciora,
687 807 934 888 contemptibilia
967 807 1004 871 de
1037 808 1161 889 poenis,
1194 805 1375 870 fastidibilia
1407 805 1443 867 de

304 910 426 994 gratiis,
449 929 528 993 quae
552 929 609 974 nec
631 912 760 994 pessimi
782 915 927 976 metuant
949 930 1007 975 nec
1024 911 1135 995 optimi
1150 911 1289 994 cupiant,
1313 910 1443 992 adquae

251 1043 265 1084 s
304 1015 406 1099 magis
422 1015 547 1079 scelesti
561 1033 655 1097 quam
672 1016 774 1080 sancti
789 1016 903 1098 quique
918 1016 1140 1100 properabunt,
1163 1015 1220 1095 illi,
1243 1019 1280 1079 ut
1294 1015 1443 1078 iustitiam

303 1119 422 1184 saeculi
444 1119 537 1183 citius
561 1120 705 1201 suadent,
728 1121 792 1200 isti,
815 1124 851 1184 ut
873 1120 992 1185 tardius
1016 1138 1085 1184 eam
1108 1121 1242 1203 capiant.
1275 1118 1355 1182 bene
1376 1119 1443 1201 phi-

302 1224 426 1308 losophi
448 1224 576 1305 docetis
599 1225 718 1288 utiliter
741 1225 892 1306 suadetis,
915 1225 1034 1289 leuiora
1055 1227 1128 1308 post
1146 1228 1280 1288 mortem
1297 1223 1443 1306 supplicia

303 1328 354 1392 uel
385 1329 535 1410 praemia,
565 1347 649 1408 cum,
680 1329 706 1392 si
738 1329 820 1410 quod
850 1330 997 1394 iudicium
1028 1330 1149 1394 animas
1172 1332 1289 1409 manet,
1319 1329 1441 1411 grauius

304 1432 417 1497 debeat
446 1433 530 1496 credi
558 1433 592 1497 in
622 1433 840 1515 dispunctione
870 1435 953 1498 uitae
983 1452 1079 1516 quam
1108 1435 1142 1498 in
1165 1433 1439 1512 administratione,

251 1569 276 1605 ro
303 1539 376 1620 quia
404 1537 482 1602 nihil
510 1538 634 1619 plenius
657 1556 753 1619 quam
775 1539 858 1622 quod
881 1539 1061 1619 extremius
1093 1539 1172 1602 nihil
1194 1541 1301 1602 autem
1322 1538 1439 1620 plenius

303 1660 398 1725 quam
428 1642 511 1724 quod
541 1642 686 1706 diuinius.
732 1643 808 1706 deus
835 1644 939 1725 itapue
962 1642 1112 1706 iudicabit
1133 1643 1267 1724 plenius,
1299 1643 1369 1725 quia
1391 1661 1439 1706 ex-

303 1746 435 1810 tremius
458 1765 514 1828 por
536 1746 726 1810 sententiam
742 1750 904 1811 aeternam
920 1752 986 1812 tam
1003 1747 1146 1831 supplicii
1162 1765 1258 1828 quam
1273 1743 1436 1830 refrigerii}

302 1870 359 1914 nec
388 1851 420 1914 in
446 1851 576 1932 bestias,
607 1852 716 1915 sedin
740 1871 798 1916 sua
820 1870 948 1936 corpora
971 1852 1201 1917 reuertentibus
1226 1851 1388 1916 animabus
1410 1855 1439 1914 et
1451 1859 1468 1911 f.
1477 1862 1526 1912 nov

302 1955 361 2020 hoo
392 1955 490 2020 semel
513 1957 600 2019 etin
623 1974 696 2020 eum
720 1956 813 2038 diem
844 1976 939 2039 quem
963 1958 1047 2021 solus
1070 1960 1160 2038 pater
1183 1957 1282 2038 nouit,
1312 1959 1347 2020 ut
1367 1976 1437 2037 pen-

251 2088 276 2127 15
303 2060 377 2124 dula
408 2062 619 2142 expectatione
650 2061 825 2126 sollicitudo
855 2062 927 2126 fidei
956 2061 1105 2146 probetur
1136 2081 1258 2146 semper
1285 2063 1367 2126 diem
1387 2061 1437 2124 ob-

302 2183 448 2245 seruans,
482 2165 557 2228 dum
589 2185 714 2248 semper
743 2166 883 2250 ignorat,
916 2167 1028 2231 cotidie
1058 2167 1187 2247 timenS,
1223 2166 1305 2247 quod
1334 2165 1437 2230 cotidie

303 2271 417 2352 sperat.

345 2372 397 2437 34.
421 2373 517 2438 Nulla
547 2373 674 2457 quidem
704 2375 743 2438 ad
765 2375 951 2439 hodiernum
975 2375 1151 2439 dementiae
1173 2375 1352 2439 huiusmodi
1373 2393 1437 2438 sen-

302 2478 401 2542 tentia
423 2479 526 2560 erupit
548 2478 606 2543 sub
629 2479 756 2543 nomine
778 2479 945 2560 haeretico,
972 2497 1051 2561 quae
1073 2480 1228 2543 humanas
1253 2480 1373 2543 animas
1394 2497 1436 2542 rc-

251 2611 277 2649 ao
302 2583 401 2666 fingat
429 2583 462 2646 iu
492 2581 619 2647 bestias.
666 2584 721 2648 sed
750 2584 926 2648 necessarie
953 2584 1036 2649 hanc
1058 2602 1181 2667 quoque
1204 2585 1340 2667 speciem
1361 2585 1436 2648 iutu-

301 2687 395 2751 limus
420 2690 451 2751 et
474 2688 662 2752 exclusimus
685 2692 721 2752 ut
743 2687 954 2770 superioribus
978 2690 1205 2770 cohaerentem,
1233 2708 1294 2771 quo
1315 2688 1436 2770 perinde

302 2792 334 2855 in
364 2810 445 2874 pauo
475 2793 693 2858 retunderetur
714 2794 873 2857 Homerus
897 2793 979 2857 sieut
1001 2795 1033 2858 iu
1056 2794 1234 2877 Pythagora
1256 2793 1435 2876 Euphorbus

302 2899 396 2977 atque
418 2897 464 2960 ita
486 2896 545 2961 hac
568 2897 662 2961 etiam
685 2887 950 2981 metempsychosi
973 2899 1039 2962 siue
1062 2897 1320 2962 metensomatosi
1339 2916 1436 2979 reper-

302 3018 394 3064 cussa
422 3001 477 3065 illa
506 3019 615 3065 rursus
646 3002 827 3065 caederetur
857 3021 936 3085 quae
965 3003 1080 3084 aliquid
1102 3001 1267 3066 haereticis
1291 3001 1436 3066 submini-

249 3131 275 3171 as
302 3105 424 3168 strauit.
470 3123 546 3169 nam
575 3109 607 3170 et
636 3104 743 3170 Simon
774 3106 943 3171 Samarites
975 3107 1008 3171 iu
1039 3107 1116 3171 actis
1143 3105 1366 3188 Apostolorum
1392 3124 1436 3168 re·

302 3209 446 3291 demptos
469 3209 595 3292 spiritus
619 3211 729 3291 sancti,
752 3214 958 3294 posteaquam
977 3212 1144 3275 damnatus
1160 3210 1199 3275 ab
1216 3212 1354 3294 apostolo
1370 3229 1435 3274 curn

300 3313 434 3395 pecunia
457 3332 514 3376 sua
535 3314 698 3378 interitum
720 3316 838 3379 frustra
859 3315 958 3397 fleuit,
982 3335 1151 3381 conuersus
1175 3317 1214 3379 ad
1234 3317 1373 3380 ueritatis
1389 3335 1434 3378 er-

300 3417 526 3501 pugnationem
549 3419 639 3499 quasi
660 3437 716 3501 pro
740 3420 853 3484 solacio
876 3421 1014 3501 ultionis,
1037 3422 1135 3485 fultus
1159 3421 1253 3484 etiam
1276 3422 1351 3485 artis
1367 3438 1433 3484 suae

302 3521 433 3602 uiribuS,
461 3522 499 3585 ad
521 3523 707 3607 praestigias
731 3524 856 3588 uirtutis
880 3525 1010 3590 alicuius
1033 3525 1176 3590 Helenen
1200 3526 1357 3607 quandam
1379 3525 1433 3608 Ty·

404 3649 728 3720 fflmmbmm

344 3767 360 3818 3
378 3763 542 3817 mendiciora
560 3766 631 3819 Poro
693 3765 911 3835 contemptebilia
929 3769 957 3822 A
1015 3770 1032 3822 4
1051 3767 1085 3820 ad
1103 3777 1169 3835 quae
1192 3770 1257 3824 Urs:
1276 3771 1304 3822 at
1321 3784 1383 3836 quae
1400 3767 1431 3831 A,

300 3853 419 3918 atquoB
466 3850 620 3907 9debetA
670 3855 702 3908 lo
722 3855 922 3908 *extremiusA
971 3856 1003 3910 14
1022 3856 1049 3907 et
1066 3856 1157 3910 ooaA
1212 3857 1244 3910 16
1257 3855 1430 3923 quotidieAB

300 3937 419 4006 quotidie
441 3939 468 3992 Β
535 3943 567 3996 18
590 3938 774 3994 ADVERSVS
797 3940 1004 3995 OPINIONEM
1026 3941 1173 3996 SIMONIS
1195 3941 1364 3996 HERETICI
1381 3942 1429 3994 AB

300 4025 334 4078 ad
353 4027 388 4094 B,
406 4025 436 4078 in
453 4027 480 4080 A
533 4027 740 4098 sententiempit
757 4030 784 4083 A
840 4032 871 4084 19
891 4045 938 4082 suo
957 4031 983 4083 A
1037 4029 1158 4084 reuinoat
1174 4031 1247 4100 Bmd
1299 4033 1332 4084 20
1350 4044 1428 4082 neccs-

300 4112 369 4182 sarip
388 4113 415 4166 A
485 4114 596 4182 spetiem
615 4115 642 4168 A
711 4119 745 4170 22
768 4131 837 4184 pauo
855 4116 1042 4170 retunderetur
1060 4118 1095 4186 A,
1118 4133 1221 4188 panone
1239 4116 1428 4171 tundereturB

300 4198 451 4267 euphorbus
470 4200 497 4253 A
559 4202 593 4255 24
611 4202 837 4257 sumministrauit
855 4205 882 4258 A
944 4205 977 4259 25
996 4203 1082 4258 hactis
1100 4206 1127 4259 A
1189 4207 1223 4259 26
1246 4203 1359 4272 apostolo
1375 4202 1427 4268 (oct

299 4287 391 4424 ἔξω)
414 4287 566 4342 Merceros:
589 4287 645 4355 ipso
668 4290 723 4343 AB
794 4293 827 4344 27
849 4291 878 4344 iu
900 4291 1040 4344 interitum
1063 4292 1090 4346 A
1160 4294 1193 4346 29
1221 4289 1426 4360 praestrigiasA

328 4388 429 4424 cenem
447 4374 474 4427 B
