3200 5034
594 419 626 470 X.
645 418 689 471 Da
708 417 815 470 anima.
834 419 944 473 15-16.
1275 417 1336 480 321

196 594 387 658 extrinsecus
403 592 517 676 agitari
539 595 631 676 putes
655 593 824 675 principale
848 592 931 656 istud
955 592 1127 656 secundum
1143 591 1339 656 Heraclitum

195 717 296 780 neque
318 717 374 781 per
397 700 499 762 totum
522 713 634 779 corpus
655 697 800 761 uentilari
816 697 988 761 secundum
1004 697 1222 762 Moschionem
1238 716 1338 779 nequa

195 803 228 866 in
252 803 352 885 capite
375 800 518 866 concludi
541 802 713 865 secundum
736 801 902 866 Platonem
925 820 1026 883 neque
1051 802 1082 865 in
1102 802 1220 865 uertice
1236 802 1338 885 potius

194 906 371 987 praesidere
403 905 575 968 secuudum
598 905 795 968 Xenocraten
824 923 924 986 neque
948 906 980 968 in
1004 904 1129 970 colubro
1153 905 1266 970 cuhara
1290 925 1339 969 se·

195 1010 332 1074 cundum
354 1010 582 1092 Hippocraten,
611 1010 665 1073 sed
688 1028 745 1073 nec
768 1010 851 1073 circa
874 1009 993 1073 cerebri
1016 1010 1272 1090 fundamentum,
1303 1012 1338 1073 nt
1378 1036 1390 1074 s

194 1115 395 1196 Herophilus,
420 1132 477 1178 nec
499 1116 531 1179 in
555 1114 792 1194 membranulis,
816 1117 852 1177 ut
867 1112 971 1178 Strato
992 1116 1023 1177 et
1038 1113 1258 1194 Erasistratus,
1281 1132 1338 1176 neo

195 1219 228 1282 in
259 1219 494 1302 superciliorum
524 1219 713 1299 meditullio,
744 1221 780 1281 ut
802 1216 906 1283 Strato
936 1219 1097 1301 physicus,
1128 1237 1185 1282 nec
1215 1219 1247 1282 in
1273 1222 1338 1282 tota

194 1323 290 1387 lorica
315 1324 463 1404 pectoris,
494 1326 530 1387 ut
551 1323 721 1405 Epicurus,
753 1323 809 1386 sed
832 1342 872 1382 111
896 1322 977 1404 quod
1001 1326 1033 1386 et
1055 1322 1202 1407 Aegyptii
1225 1341 1338 1386 ranun-

79 1435 181 1489 1126ν
197 1428 370 1507 tiauerunt,
402 1431 433 1491 et
463 1428 517 1510 qui
545 1428 723 1492 diuinarum
744 1428 748 1508 1
768 1428 944 1491 litterarum
967 1430 1228 1492 commentatores
1252 1426 1338 1490 uide-

194 1532 325 1612 bantur,
360 1534 395 1595 ut
426 1535 457 1595 ot
487 1533 539 1596 ille
570 1550 679 1597 uersus
708 1531 824 1615 Orphei
854 1532 905 1595 uel
933 1531 1144 1612 Empedoclis:
1180 1549 1337 1612 namque
1366 1557 1390 1594 ιο

194 1636 336 1698 homini
358 1636 512 1719 sanguis
533 1636 854 1700 circumcordialis
879 1639 935 1699 est
959 1654 1101 1700 sensus.
1146 1636 1240 1698 etiam
1262 1635 1338 1698 Pro-

194 1744 331 1822 tagoras,
355 1741 450 1804 etiam
465 1739 673 1824 Apollodorus
697 1743 729 1804 et
753 1739 946 1823 Chrysippus
969 1740 1046 1804 hacc
1070 1740 1205 1822 sapiunt,
1229 1742 1265 1802 ut
1287 1741 1337 1802 uel

194 1844 333 1915 abistis
363 1849 488 1908 retusus
511 1844 715 1928 Asclepiades
746 1863 855 1926 capras
888 1862 960 1908 suas
992 1847 1121 1926 quaerat
1152 1844 1219 1907 sine
1247 1843 1337 1906 corde

193 1947 337 2013 balantes
361 1952 392 2012 et
414 1967 539 2014 muscas
563 1967 635 2013 suas
657 1947 764 2032 abigat
779 1950 845 2013 sine
862 1949 963 2031 capite
978 1949 1157 2028 uolitanteS,
1182 1951 1213 2011 ot
1228 1965 1337 2011 omnes

193 2053 258 2116 iam
279 2053 380 2116 sciant
396 2072 429 2116 se
453 2054 556 2136 potins
581 2053 647 2117 sine
671 2053 761 2117 corde
785 2057 817 2117 et
839 2052 966 2117 cerebro
990 2053 1108 2132 uiuere,
1132 2052 1185 2134 qui
1208 2052 1338 2134 disposi-
1366 2077 1390 2114 15

193 2157 313 2221 tionem
331 2157 454 2221 animae
472 2158 628 2222 humanae
646 2159 684 2222 de
699 2158 879 2222 condicione
896 2157 1070 2222 bestiarum
1087 2157 1335 2241 praeiudicarint.

241 2259 289 2325 16.
321 2262 379 2325 Est
409 2266 441 2325 et
469 2262 548 2327 illud
578 2262 618 2326 ad
646 2262 741 2325 fidem
770 2263 943 2343 pertinens
975 2263 1057 2343 quod
1080 2261 1170 2325 Plato
1193 2260 1338 2324 hilariam

193 2365 326 2449 partitur
349 2366 487 2430 animam
510 2385 565 2447 per
588 2366 739 2430 rationale
763 2370 795 2430 et
818 2366 1012 2433 inrationale.
1052 2366 1101 2428 oui
1117 2364 1291 2429 definitioni
1307 2367 1338 2426 et

193 2487 251 2532 nos
268 2469 394 2551 quidem
411 2469 641 2553 adplaudimus,
665 2471 720 2534 sed
735 2488 797 2535 non
815 2473 850 2534 ut
873 2474 1001 2535 naturae
1026 2470 1192 2552 deputetur
1216 2472 1337 2532 utrum-

194 2592 263 2654 que.
292 2574 433 2637 naturale
450 2574 534 2637 enim
548 2575 700 2638 rationale
716 2575 906 2638 credendum
923 2577 980 2654 est,
1005 2575 1086 2655 quod
1103 2574 1224 2638 animae
1241 2591 1259 2636 a
1275 2573 1337 2654 pri·
1364 2597 1389 2635 20

194 2678 312 2741 mordio
326 2679 366 2741 sit
381 2677 568 2760 ingenitum,
585 2679 760 2742 arationali
775 2679 921 2742 uidelicet
932 2681 1067 2742 auctore.
1093 2677 1166 2758 quid
1179 2677 1261 2739 enim
1274 2693 1336 2738 non

193 2782 355 2862 rationale,
387 2782 469 2864 quod
499 2783 576 2845 deus
606 2783 693 2846 iussu
723 2801 846 2865 quoque
877 2783 1016 2861 ediderit,
1047 2781 1163 2844 nedum
1193 2781 1224 2843 id
1255 2780 1335 2860 quod

193 2887 316 2968 proprie
339 2884 448 2949 afflatu
469 2904 524 2949 suo
545 2886 704 2950 emiserit?
735 2886 921 2950 inrationale
942 2889 1048 2949 autem
1069 2883 1225 2967 posterius
1246 2884 1337 2946 iutel-

193 2991 363 3072 legendum
386 2994 443 3070 est,
467 2994 502 3054 nt
525 2991 607 3072 quod
630 2991 778 3054 acciderit
801 3010 838 3054 ex
862 2990 1016 3072 serpentis
1040 2990 1201 3069 instinctu,
1232 2989 1335 3071 ipsum

192 3094 272 3157 illud
294 3095 551 3177 transgressionis
575 3094 760 3174 admissum,
784 3098 879 3177 atque
904 3093 1012 3158 exinde
1035 3093 1200 3157 inoleuerit
1221 3095 1252 3155 et
1267 3110 1337 3156 coa·
1363 3117 1389 3156 2⁵

194 3198 345 3262 dolenorit
367 3199 399 3261 iu
423 3199 529 3262 anima
552 3199 591 3262 ad
613 3200 713 3262 instar
735 3199 798 3262 iam
823 3198 1046 3278 naturalitatis,
1078 3198 1151 3279 quia
1175 3196 1282 3261 statim
1305 3197 1337 3259 in

194 3306 325 3366 naturae
348 3303 516 3386 primordio
540 3304 660 3367 accidit.
684 3307 824 3367 ceterum
848 3321 921 3365 cum
944 3303 1027 3365 idem
1050 3302 1139 3366 Plato
1163 3302 1265 3365 solum
1288 3319 1337 3364 ra-

300 3448 344 3517 10]
363 3446 397 3502 of.
411 3447 485 3501 Stob.
498 3446 609 3502 Anthl
626 3449 772 3517 1142119
791 3447 925 3501 Wachsm.
946 3446 1109 3516 (Empedocl.
1127 3446 1224 3500 111329
1243 3445 1335 3513 Staio).

195 3535 240 3604 17]
259 3534 293 3588 cf.
305 3534 375 3588 Plat.
389 3533 422 3587 de
440 3551 494 3604 rep.
507 3534 546 3587 IV
563 3551 589 3604 p.
602 3537 654 3589 436
667 3550 722 3602 sqq.

238 3668 254 3720 2
276 3664 459 3719 Moschionem
481 3667 561 3735 Bury,
584 3665 746 3718 Moscionem
769 3666 805 3731 Β,
829 3663 981 3718 oschionem
1003 3665 1030 3718 A
1100 3664 1117 3716 4
1139 3662 1287 3714 Xenocrate
1309 3663 1336 3716 B

194 3752 426 3821 5HippocratiB
479 3751 645 3820 cheraphin
658 3753 684 3806 A
738 3750 986 3805 membrannslisA
1039 3751 1199 3805 scacchum
1211 3750 1337 3818 3191111111,Ι

193 3840 390 3894 interciderant
407 3839 435 3891 in
454 3838 532 3891 corde
549 3837 647 3892 habere
665 3838 755 3892 sedem
811 3838 856 3890 sed
874 3841 901 3891 ct
919 3836 989 3905 quod
1002 3838 1082 3905 Pom,
1099 3834 1246 3888 secuudum
1265 3834 1336 3903 quod

194 3927 378 3981 ctHaetela'us
424 3926 688 3980 renunciaueruntA
742 3925 810 3993 9et]
830 3924 854 3976 ei
867 3925 894 3978 B
947 3924 1098 3977 litterarum
1111 3923 1210 3977 addidi
1264 3937 1335 3974 com-

193 4016 357 4067 mentatores
380 4014 415 4082 B,
438 4014 688 4066 commemoratores
710 4014 812 4081 ABmp
884 4015 915 4067 10
939 4012 970 4064 ut
991 4011 1040 4065 dcl.
1061 4010 1112 4064 cea
1182 4008 1289 4077 orphaei
1308 4010 1335 4062 A

194 4099 366 4169 empledoclis
388 4101 415 4154 A
438 4118 505 4155 corr.
580 4102 609 4155 11
635 4099 750 4152 hominis
773 4100 800 4152 B
872 4100 904 4153 12
928 4096 1014 4165 apollo
1039 4096 1120 4149 durus
1143 4097 1170 4149 A
1240 4095 1290 4147 hac
1308 4096 1335 4148 A

195 4190 228 4244 16
246 4188 378 4240 humanae
397 4186 428 4239 de
447 4204 497 4241 om.
511 4187 538 4240 A
592 4185 781 4240 conditioneA
837 4187 869 4240 18
888 4183 1045 4237 rationalem
1064 4187 1090 4235 et
1107 4181 1289 4236 irrationalem
1307 4183 1335 4235 B

195 4277 228 4329 19
246 4273 435 4342 adplaudimus
452 4276 488 4342 B,
507 4272 694 4342 applaudimus
711 4275 739 4327 A
810 4274 844 4328 22
867 4270 997 4324 *ediderit
1014 4271 1042 4324 A
1112 4272 1146 4324 23
1168 4269 1289 4337 propriae
1307 4269 1335 4323 A

192 4363 227 4417 25
246 4364 274 4415 et
293 4360 471 4414 coadolcuerit
488 4377 539 4415 om.
559 4361 586 4414 A

246 4458 288 4497 xx.
302 4457 387 4497 Tertl.
1146 4447 1177 4493 21
