<?xml version="1.0" encoding="UTF-8"?>
<!DOCTYPE html PUBLIC "-//W3C//DTD XHTML 1.0 Transitional//EN"
    "http://www.w3.org/TR/xhtml1/DTD/xhtml1-transitional.dtd">
<html xmlns="http://www.w3.org/1999/xhtml" xml:lang="en" lang="en">
 <head>
  <title>
</title>
<meta http-equiv="Content-Type" content="text/html;charset=utf-8" />
  <meta name='ocr-system' content='tesseract 3.04.00' />
  <meta name='ocr-capabilities' content='ocr_page ocr_carea ocr_par ocr_line ocrx_word'/>
</head>
<body>
  <div class='ocr_page' id='page_1' title='image "./corpusscriptoru24wissgoog/corpusscriptoru24wissgoog_0303.png"; bbox 0 0 3200 5034; ppageno 0'>
   <div class='ocr_carea' id='block_1_1' title="bbox 284 380 1192 492">
    <p class='ocr_par' dir='ltr' id='par_1_1' title="bbox 284 380 1192 492">
     <span class='ocr_line' id='line_1_1' title="bbox 284 380 1192 492; baseline 0.003 -16"><span class='ocrx_word' id='word_1_1' title='bbox 284 419 349 484; x_wconf 82' lang='grc'>284</span> <span class='ocrx_word' id='word_1_2' title='bbox 426 380 429 386; x_wconf 90' lang='lat'><em>·</em></span> <span class='ocrx_word' id='word_1_3' title='bbox 515 422 629 487; x_wconf 78' lang='lat' dir='ltr'>Quinti</span> <span class='ocrx_word' id='word_1_4' title='bbox 648 423 786 492; x_wconf 79' lang='lat' dir='ltr'>Septimi</span> <span class='ocrx_word' id='word_1_5' title='bbox 805 424 970 479; x_wconf 74' lang='lat' dir='ltr'>Florentio</span> <span class='ocrx_word' id='word_1_6' title='bbox 991 424 1192 479; x_wconf 78' lang='lat' dir='ltr'>Tertulliani</span> 
     </span>
    </p>
   </div>
   <div class='ocr_carea' id='block_1_2' title="bbox 180 598 1425 4026">
    <p class='ocr_par' dir='ltr' id='par_1_2' title="bbox 180 598 1425 994">
     <span class='ocr_line' id='line_1_2' title="bbox 283 598 1425 683; baseline 0.004 -22"><span class='ocrx_word' id='word_1_7' title='bbox 283 598 399 662; x_wconf 89' lang='lat' dir='ltr'>uirtute</span> <span class='ocrx_word' id='word_1_8' title='bbox 429 599 608 662; x_wconf 87' lang='lat' dir='ltr'>fastidiendi</span> <span class='ocrx_word' id='word_1_9' title='bbox 638 599 701 662; x_wconf 91' lang='lat' dir='ltr'>cibi</span> <span class='ocrx_word' id='word_1_10' title='bbox 730 601 888 681; x_wconf 86' lang='lat' dir='ltr'>initiabat,</span> <span class='ocrx_word' id='word_1_11' title='bbox 919 605 955 665; x_wconf 91' lang='lat' dir='ltr'>ut</span> <span class='ocrx_word' id='word_1_12' title='bbox 985 620 1057 665; x_wconf 92' lang='lat' dir='ltr'>eum</span> <span class='ocrx_word' id='word_1_13' title='bbox 1088 602 1210 666; x_wconf 88' lang='lat' dir='ltr'>diaholo</span> <span class='ocrx_word' id='word_1_14' title='bbox 1240 620 1347 665; x_wconf 90' lang='lat' dir='ltr'>rursus</span> <span class='ocrx_word' id='word_1_15' title='bbox 1369 621 1425 683; x_wconf 91' lang='lat' dir='ltr'>per</span> 
     </span>
     <span class='ocr_line' id='line_1_3' title="bbox 180 704 1424 789; baseline 0.002 -23"><span class='ocrx_word' id='word_1_16' title='bbox 180 776 184 785; x_wconf 85' lang='lat'><em>.</em></span> <span class='ocrx_word' id='word_1_17' title='bbox 284 720 388 766; x_wconf 90' lang='lat' dir='ltr'>escam</span> <span class='ocrx_word' id='word_1_18' title='bbox 411 706 566 786; x_wconf 91' lang='lat' dir='ltr'>temptare</span> <span class='ocrx_word' id='word_1_19' title='bbox 589 704 750 784; x_wconf 85' lang='lat' dir='ltr'>quaerenti</span> <span class='ocrx_word' id='word_1_20' title='bbox 765 705 924 769; x_wconf 77' lang='lat' dir='ltr'>fortiorem</span> <span class='ocrx_word' id='word_1_21' title='bbox 940 706 1025 769; x_wconf 89' lang='lat' dir='ltr'>fame</span> <span class='ocrx_word' id='word_1_22' title='bbox 1039 709 1107 769; x_wconf 89' lang='lat' dir='ltr'>tota</span> <span class='ocrx_word' id='word_1_23' title='bbox 1122 708 1302 769; x_wconf 89' lang='lat' dir='ltr'>ostentaret.</span> <span class='ocrx_word' id='word_1_24' title='bbox 1335 724 1424 789; x_wconf 89' lang='lat' dir='ltr'>prae-</span> 
     </span>
     <span class='ocr_line' id='line_1_4' title="bbox 268 807 1425 894; baseline 0.003 -24"><span class='ocrx_word' id='word_1_25' title='bbox 268 807 387 872; x_wconf 84' lang='lat' dir='ltr'>stituit</span> <span class='ocrx_word' id='word_1_26' title='bbox 417 807 525 872; x_wconf 83' lang='lat' dir='ltr'>exinde</span> <span class='ocrx_word' id='word_1_27' title='bbox 555 809 679 872; x_wconf 89' lang='lat' dir='ltr'>ieiuniis</span> <span class='ocrx_word' id='word_1_28' title='bbox 709 810 812 892; x_wconf 90' lang='lat' dir='ltr'>legem</span> <span class='ocrx_word' id='word_1_29' title='bbox 845 810 910 873; x_wconf 90' lang='lat' dir='ltr'>sine</span> <span class='ocrx_word' id='word_1_30' title='bbox 942 810 1069 875; x_wconf 87' lang='lat' dir='ltr'>tristitia</span> <span class='ocrx_word' id='word_1_31' title='bbox 1099 810 1319 894; x_wconf 80' lang='lat' dir='ltr'>transigendis</span> <span class='ocrx_word' id='word_1_32' title='bbox 1368 830 1425 874; x_wconf 91' lang='lat' dir='ltr'>cur</span> 
     </span>
     <span class='ocr_line' id='line_1_5' title="bbox 284 912 1425 994; baseline 0.003 -20"><span class='ocrx_word' id='word_1_33' title='bbox 284 912 368 975; x_wconf 91' lang='lat' dir='ltr'>enim</span> <span class='ocrx_word' id='word_1_34' title='bbox 391 912 490 992; x_wconf 88' lang='lat' dir='ltr'>triste,</span> <span class='ocrx_word' id='word_1_35' title='bbox 515 912 597 994; x_wconf 89' lang='lat' dir='ltr'>quod</span> <span class='ocrx_word' id='word_1_36' title='bbox 620 913 779 977; x_wconf 79' lang='lat' dir='ltr'>salutare?</span> <span class='ocrx_word' id='word_1_37' title='bbox 815 914 919 978; x_wconf 87' lang='lat' dir='ltr'>docuit</span> <span class='ocrx_word' id='word_1_38' title='bbox 942 916 1036 978; x_wconf 86' lang='lat' dir='ltr'>etiam</span> <span class='ocrx_word' id='word_1_39' title='bbox 1061 914 1210 978; x_wconf 92' lang='lat' dir='ltr'>aduersus</span> <span class='ocrx_word' id='word_1_40' title='bbox 1227 914 1425 977; x_wconf 88' lang='lat' dir='ltr'>dirioradae-</span> 
     </span>
    </p>

    <p class='ocr_par' dir='ltr' id='par_1_3' title="bbox 243 1017 1425 1520">
     <span class='ocr_line' id='line_1_6' title="bbox 243 1017 1425 1102; baseline -0.001 -19"><span class='ocrx_word' id='word_1_41' title='bbox 243 1045 256 1083; x_wconf 81' lang='grc'>1</span> <span class='ocrx_word' id='word_1_42' title='bbox 283 1018 388 1081; x_wconf 90' lang='lat' dir='ltr'>monia</span> <span class='ocrx_word' id='word_1_43' title='bbox 409 1017 533 1080; x_wconf 91' lang='lat' dir='ltr'>ieiuniis</span> <span class='ocrx_word' id='word_1_44' title='bbox 557 1018 783 1099; x_wconf 90' lang='lat' dir='ltr'>proeliandum.</span> <span class='ocrx_word' id='word_1_45' title='bbox 818 1019 892 1099; x_wconf 91' lang='lat' dir='ltr'>quid</span> <span class='ocrx_word' id='word_1_46' title='bbox 915 1019 998 1081; x_wconf 89' lang='lat' dir='ltr'>enirn</span> <span class='ocrx_word' id='word_1_47' title='bbox 1021 1020 1146 1099; x_wconf 87' lang='lat' dir='ltr'>mirum,</span> <span class='ocrx_word' id='word_1_48' title='bbox 1170 1020 1197 1082; x_wconf 90' lang='lat' dir='ltr'>si</span> <span class='ocrx_word' id='word_1_49' title='bbox 1220 1018 1329 1081; x_wconf 88' lang='lat' dir='ltr'>eadem</span> <span class='ocrx_word' id='word_1_50' title='bbox 1350 1036 1425 1102; x_wconf 90' lang='lat' dir='ltr'>ope-</span> 
     </span>
     <span class='ocr_line' id='line_1_7' title="bbox 282 1122 1424 1205; baseline 0 -19"><span class='ocrx_word' id='word_1_51' title='bbox 282 1123 402 1186; x_wconf 84' lang='lat' dir='ltr'>ratione</span> <span class='ocrx_word' id='word_1_52' title='bbox 429 1122 556 1204; x_wconf 87' lang='lat' dir='ltr'>spiritus</span> <span class='ocrx_word' id='word_1_53' title='bbox 578 1122 704 1203; x_wconf 88' lang='lat' dir='ltr'>iniquus</span> <span class='ocrx_word' id='word_1_54' title='bbox 728 1123 882 1202; x_wconf 79' lang='lat' dir='ltr'>educitur,</span> <span class='ocrx_word' id='word_1_55' title='bbox 914 1141 976 1205; x_wconf 90' lang='lat' dir='ltr'>qua</span> <span class='ocrx_word' id='word_1_56' title='bbox 999 1127 1126 1187; x_wconf 89' lang='lat' dir='ltr'>sanctus</span> <span class='ocrx_word' id='word_1_57' title='bbox 1149 1123 1326 1187; x_wconf 80' lang='lat' dir='ltr'>inducitur?</span> <span class='ocrx_word' id='word_1_58' title='bbox 1369 1124 1424 1186; x_wconf 92' lang='lat' dir='ltr'>de-</span> 
     </span>
     <span class='ocr_line' id='line_1_8' title="bbox 282 1227 1424 1311; baseline 0.002 -22"><span class='ocrx_word' id='word_1_59' title='bbox 282 1227 385 1308; x_wconf 90' lang='lat' dir='ltr'>nique,</span> <span class='ocrx_word' id='word_1_60' title='bbox 416 1230 451 1290; x_wconf 88' lang='lat' dir='ltr'>ut</span> <span class='ocrx_word' id='word_1_61' title='bbox 477 1227 510 1289; x_wconf 92' lang='lat' dir='ltr'>in</span> <span class='ocrx_word' id='word_1_62' title='bbox 533 1227 748 1292; x_wconf 78' lang='lat' dir='ltr'>centurionem</span> <span class='ocrx_word' id='word_1_63' title='bbox 772 1227 951 1292; x_wconf 79' lang='lat' dir='ltr'>Cornelium</span> <span class='ocrx_word' id='word_1_64' title='bbox 974 1228 1108 1292; x_wconf 91' lang='lat' dir='ltr'>necdum</span> <span class='ocrx_word' id='word_1_65' title='bbox 1131 1229 1264 1292; x_wconf 90' lang='lat' dir='ltr'>tinctum</span> <span class='ocrx_word' id='word_1_66' title='bbox 1288 1228 1424 1311; x_wconf 80' lang='lat' dir='ltr'>dignatio</span> 
     </span>
     <span class='ocr_line' id='line_1_9' title="bbox 283 1320 1422 1415; baseline 0.001 -20"><span class='ocrx_word' id='word_1_67' title='bbox 283 1322 424 1414; x_wconf 86' lang='lat' dir='ltr'>spiritus</span> <span class='ocrx_word' id='word_1_68' title='bbox 441 1332 542 1394; x_wconf 87' lang='lat' dir='ltr'>sancti</span> <span class='ocrx_word' id='word_1_69' title='bbox 572 1349 643 1394; x_wconf 91' lang='lat' dir='ltr'>cum</span> <span class='ocrx_word' id='word_1_70' title='bbox 670 1332 858 1396; x_wconf 86' lang='lat' dir='ltr'>charismate</span> <span class='ocrx_word' id='word_1_71' title='bbox 880 1333 1008 1414; x_wconf 88' lang='lat' dir='ltr'>insuper</span> <span class='ocrx_word' id='word_1_72' title='bbox 1030 1332 1211 1415; x_wconf 86' lang='lat' dir='ltr'>prophetiae</span> <span class='ocrx_word' id='word_1_73' title='bbox 1234 1320 1422 1412; x_wconf 83' lang='lat' dir='ltr'>festinasset,</span> 
     </span>
     <span class='ocr_line' id='line_1_10' title="bbox 282 1435 1422 1520; baseline 0.003 -22"><span class='ocrx_word' id='word_1_74' title='bbox 282 1435 397 1499; x_wconf 88' lang='lat' dir='ltr'>ieiunia</span> <span class='ocrx_word' id='word_1_75' title='bbox 421 1435 485 1498; x_wconf 90' lang='lat' dir='ltr'>eius</span> <span class='ocrx_word' id='word_1_76' title='bbox 508 1436 643 1518; x_wconf 91' lang='lat' dir='ltr'>legimus</span> <span class='ocrx_word' id='word_1_77' title='bbox 667 1436 820 1500; x_wconf 89' lang='lat' dir='ltr'>exaudita.</span> <span class='ocrx_word' id='word_1_78' title='bbox 855 1440 930 1519; x_wconf 92' lang='lat' dir='ltr'>puto</span> <span class='ocrx_word' id='word_1_79' title='bbox 955 1440 1063 1500; x_wconf 91' lang='lat' dir='ltr'>autem</span> <span class='ocrx_word' id='word_1_80' title='bbox 1086 1440 1117 1500; x_wconf 92' lang='lat' dir='ltr'>et</span> <span class='ocrx_word' id='word_1_81' title='bbox 1140 1438 1299 1520; x_wconf 91' lang='lat' dir='ltr'>apostolus</span> <span class='ocrx_word' id='word_1_82' title='bbox 1321 1438 1351 1501; x_wconf 90' lang='lat' dir='ltr'>in</span> <span class='ocrx_word' id='word_1_83' title='bbox 1372 1456 1422 1501; x_wconf 92' lang='grc'>00-</span> 
     </span>
    </p>

    <p class='ocr_par' dir='ltr' id='par_1_4' title="bbox 231 1538 1421 1834">
     <span class='ocr_line' id='line_1_11' title="bbox 231 1538 1421 1623; baseline 0.002 -20"><span class='ocrx_word' id='word_1_84' title='bbox 231 1565 256 1604; x_wconf 83' lang='grc'>10</span> <span class='ocrx_word' id='word_1_85' title='bbox 283 1540 384 1603; x_wconf 88' lang='lat' dir='ltr'>cunda</span> <span class='ocrx_word' id='word_1_86' title='bbox 407 1538 638 1604; x_wconf 81' lang='lat' dir='ltr'>Corinthiorum</span> <span class='ocrx_word' id='word_1_87' title='bbox 669 1540 748 1604; x_wconf 89' lang='lat' dir='ltr'>inter</span> <span class='ocrx_word' id='word_1_88' title='bbox 778 1540 901 1604; x_wconf 88' lang='lat' dir='ltr'>labores</span> <span class='ocrx_word' id='word_1_89' title='bbox 933 1558 1005 1605; x_wconf 90' lang='lat' dir='ltr'>suos</span> <span class='ocrx_word' id='word_1_90' title='bbox 1037 1545 1069 1605; x_wconf 91' lang='lat' dir='ltr'>et</span> <span class='ocrx_word' id='word_1_91' title='bbox 1093 1541 1231 1623; x_wconf 90' lang='lat' dir='ltr'>pericula</span> <span class='ocrx_word' id='word_1_92' title='bbox 1255 1544 1286 1605; x_wconf 91' lang='lat' dir='ltr'>et</span> <span class='ocrx_word' id='word_1_93' title='bbox 1307 1542 1421 1605; x_wconf 90' lang='lat' dir='ltr'>incom-</span> 
     </span>
     <span class='ocr_line' id='line_1_12' title="bbox 283 1643 1419 1728; baseline 0 -21"><span class='ocrx_word' id='word_1_94' title='bbox 283 1643 376 1708; x_wconf 89' lang='lat' dir='ltr'>moda</span> <span class='ocrx_word' id='word_1_95' title='bbox 397 1647 469 1725; x_wconf 92' lang='lat' dir='ltr'>post</span> <span class='ocrx_word' id='word_1_96' title='bbox 491 1644 608 1707; x_wconf 87' lang='lat' dir='ltr'>famem</span> <span class='ocrx_word' id='word_1_97' title='bbox 639 1662 675 1707; x_wconf 89' lang='lat' dir='ltr'>ac</span> <span class='ocrx_word' id='word_1_98' title='bbox 702 1644 787 1708; x_wconf 92' lang='lat' dir='ltr'>sitim</span> <span class='ocrx_word' id='word_1_99' title='bbox 811 1645 925 1709; x_wconf 90' lang='lat' dir='ltr'>ieiunia</span> <span class='ocrx_word' id='word_1_100' title='bbox 948 1663 1070 1727; x_wconf 87' lang='lat' dir='ltr'>quoquc</span> <span class='ocrx_word' id='word_1_101' title='bbox 1093 1645 1229 1728; x_wconf 91' lang='lat' dir='ltr'>plurima</span> <span class='ocrx_word' id='word_1_102' title='bbox 1253 1649 1419 1709; x_wconf 88' lang='lat' dir='ltr'>enumerat.</span> 
     </span>
     <span class='ocr_line' id='line_1_13' title="bbox 326 1745 1420 1834; baseline 0.004 -25"><span class='ocrx_word' id='word_1_103' title='bbox 326 1745 355 1810; x_wconf 84' lang='lat'>9.</span> <span class='ocrx_word' id='word_1_104' title='bbox 379 1747 564 1830; x_wconf 85' lang='lat' dir='ltr'>Principalis</span> <span class='ocrx_word' id='word_1_105' title='bbox 586 1749 663 1812; x_wconf 90' lang='lat' dir='ltr'>haec</span> <span class='ocrx_word' id='word_1_106' title='bbox 686 1750 804 1832; x_wconf 87' lang='lat' dir='ltr'>species</span> <span class='ocrx_word' id='word_1_107' title='bbox 828 1752 859 1813; x_wconf 91' lang='lat' dir='ltr'>in</span> <span class='ocrx_word' id='word_1_108' title='bbox 883 1750 1088 1834; x_wconf 84' lang='lat' dir='ltr'>castigatione</span> <span class='ocrx_word' id='word_1_109' title='bbox 1112 1750 1213 1814; x_wconf 90' lang='lat' dir='ltr'>uictus</span> <span class='ocrx_word' id='word_1_110' title='bbox 1236 1753 1338 1832; x_wconf 88' lang='lat' dir='ltr'>potest</span> <span class='ocrx_word' id='word_1_111' title='bbox 1358 1750 1420 1813; x_wconf 90' lang='lat' dir='ltr'>iam</span> 
     </span>
    </p>

    <p class='ocr_par' dir='ltr' id='par_1_5' title="bbox 231 1851 1419 2564">
     <span class='ocr_line' id='line_1_14' title="bbox 283 1851 1419 1938; baseline 0.002 -23"><span class='ocrx_word' id='word_1_112' title='bbox 283 1852 320 1916; x_wconf 92' lang='lat' dir='ltr'>de</span> <span class='ocrx_word' id='word_1_113' title='bbox 351 1851 549 1918; x_wconf 89' lang='lat' dir='ltr'>inferioribus</span> <span class='ocrx_word' id='word_1_114' title='bbox 580 1871 704 1935; x_wconf 89' lang='lat' dir='ltr'>quoque</span> <span class='ocrx_word' id='word_1_115' title='bbox 727 1854 936 1918; x_wconf 85' lang='lat' dir='ltr'>abstinentiae</span> <span class='ocrx_word' id='word_1_116' title='bbox 960 1854 1192 1937; x_wconf 80' lang='lat' dir='ltr'>operationibus</span> <span class='ocrx_word' id='word_1_117' title='bbox 1215 1855 1419 1938; x_wconf 88' lang='lat' dir='ltr'>praeiudicare</span> 
     </span>
     <span class='ocr_line' id='line_1_15' title="bbox 282 1957 1418 2042; baseline 0.001 -22"><span class='ocrx_word' id='word_1_118' title='bbox 282 1960 317 2021; x_wconf 92' lang='lat' dir='ltr'>ut</span> <span class='ocrx_word' id='word_1_119' title='bbox 348 1961 380 2021; x_wconf 90' lang='lat' dir='ltr'>et</span> <span class='ocrx_word' id='word_1_120' title='bbox 409 1957 486 2039; x_wconf 91' lang='lat' dir='ltr'>ipsis</span> <span class='ocrx_word' id='word_1_121' title='bbox 516 1976 571 2040; x_wconf 92' lang='lat' dir='ltr'>pro</span> <span class='ocrx_word' id='word_1_122' title='bbox 600 1958 691 2022; x_wconf 92' lang='lat' dir='ltr'>modo</span> <span class='ocrx_word' id='word_1_123' title='bbox 714 1958 844 2022; x_wconf 89' lang='lat' dir='ltr'>utilibus</span> <span class='ocrx_word' id='word_1_124' title='bbox 869 1963 923 2024; x_wconf 86' lang='lat' dir='ltr'>aut</span> <span class='ocrx_word' id='word_1_125' title='bbox 946 1960 1141 2023; x_wconf 87' lang='lat' dir='ltr'>necessariis.</span> <span class='ocrx_word' id='word_1_126' title='bbox 1188 1978 1263 2023; x_wconf 89' lang='lat' dir='ltr'>nam</span> <span class='ocrx_word' id='word_1_127' title='bbox 1287 1958 1418 2042; x_wconf 87' lang='lat' dir='ltr'>exceptio</span> 
     </span>
     <span class='ocr_line' id='line_1_16' title="bbox 231 2061 1418 2145; baseline 0 -20"><span class='ocrx_word' id='word_1_128' title='bbox 231 2087 255 2125; x_wconf 79' lang='grc'>11</span> <span class='ocrx_word' id='word_1_129' title='bbox 283 2061 455 2125; x_wconf 89' lang='lat' dir='ltr'>eduliorum</span> <span class='ocrx_word' id='word_1_130' title='bbox 489 2061 684 2142; x_wconf 89' lang='lat' dir='ltr'>quorundam</span> <span class='ocrx_word' id='word_1_131' title='bbox 718 2063 891 2145; x_wconf 88' lang='lat' dir='ltr'>portionale</span> <span class='ocrx_word' id='word_1_132' title='bbox 925 2064 1078 2127; x_wconf 90' lang='lat' dir='ltr'>ieiunium</span> <span class='ocrx_word' id='word_1_133' title='bbox 1112 2067 1168 2127; x_wconf 89' lang='lat' dir='ltr'>est.</span> <span class='ocrx_word' id='word_1_134' title='bbox 1222 2064 1418 2145; x_wconf 89' lang='lat' dir='ltr'>inspiciamus</span> 
     </span>
     <span class='ocr_line' id='line_1_17' title="bbox 282 2166 1418 2249; baseline 0.002 -22"><span class='ocrx_word' id='word_1_135' title='bbox 282 2166 377 2248; x_wconf 90' lang='lat' dir='ltr'>igitur</span> <span class='ocrx_word' id='word_1_136' title='bbox 399 2168 431 2229; x_wconf 92' lang='lat' dir='ltr'>et</span> <span class='ocrx_word' id='word_1_137' title='bbox 453 2166 713 2249; x_wconf 83' lang='lat' dir='ltr'>xerophagiarum</span> <span class='ocrx_word' id='word_1_138' title='bbox 736 2168 910 2231; x_wconf 89' lang='lat' dir='ltr'>nouitatem</span> <span class='ocrx_word' id='word_1_139' title='bbox 933 2171 988 2232; x_wconf 89' lang='lat' dir='ltr'>aut</span> <span class='ocrx_word' id='word_1_140' title='bbox 1011 2167 1194 2247; x_wconf 89' lang='lat' dir='ltr'>uanitatem,</span> <span class='ocrx_word' id='word_1_141' title='bbox 1219 2168 1246 2231; x_wconf 85' lang='lat' dir='ltr'>¹si</span> <span class='ocrx_word' id='word_1_142' title='bbox 1268 2185 1330 2231; x_wconf 90' lang='lat' dir='ltr'>non</span> <span class='ocrx_word' id='word_1_143' title='bbox 1344 2169 1374 2230; x_wconf 90' lang='lat' dir='ltr'>et</span> <span class='ocrx_word' id='word_1_144' title='bbox 1387 2167 1418 2229; x_wconf 89' lang='lat' dir='ltr'>in</span> 
     </span>
     <span class='ocr_line' id='line_1_18' title="bbox 281 2261 1418 2355; baseline 0.002 -22"><span class='ocrx_word' id='word_1_145' title='bbox 281 2270 330 2333; x_wconf 91' lang='lat' dir='ltr'>his</span> <span class='ocrx_word' id='word_1_146' title='bbox 360 2273 427 2333; x_wconf 91' lang='lat' dir='ltr'>tam</span> <span class='ocrx_word' id='word_1_147' title='bbox 458 2270 695 2351; x_wconf 89' lang='lat' dir='ltr'>antiquissimae</span> <span class='ocrx_word' id='word_1_148' title='bbox 725 2289 821 2353; x_wconf 89' lang='lat' dir='ltr'>quam</span> <span class='ocrx_word' id='word_1_149' title='bbox 850 2272 1083 2335; x_wconf 87' lang='lat' dir='ltr'>efficacissimae</span> <span class='ocrx_word' id='word_1_150' title='bbox 1106 2261 1263 2355; x_wconf 89' lang='lat' dir='ltr'>religionis</span> <span class='ocrx_word' id='word_1_151' title='bbox 1287 2271 1418 2355; x_wconf 88' lang='lat' dir='ltr'>operatio</span> 
     </span>
     <span class='ocr_line' id='line_1_19' title="bbox 282 2373 1417 2464; baseline 0.001 -27"><span class='ocrx_word' id='word_1_152' title='bbox 282 2377 338 2464; x_wconf 86' lang='lat' dir='ltr'>est.</span> <span class='ocrx_word' id='word_1_153' title='bbox 385 2373 477 2437; x_wconf 91' lang='lat' dir='ltr'>redeo</span> <span class='ocrx_word' id='word_1_154' title='bbox 509 2374 548 2437; x_wconf 92' lang='lat' dir='ltr'>ad</span> <span class='ocrx_word' id='word_1_155' title='bbox 571 2375 736 2439; x_wconf 91' lang='lat' dir='ltr'>Danielem</span> <span class='ocrx_word' id='word_1_156' title='bbox 767 2380 798 2440; x_wconf 90' lang='lat' dir='ltr'>et</span> <span class='ocrx_word' id='word_1_157' title='bbox 828 2376 940 2439; x_wconf 89' lang='lat' dir='ltr'>fratres</span> <span class='ocrx_word' id='word_1_158' title='bbox 965 2377 1030 2440; x_wconf 92' lang='lat' dir='ltr'>eius</span> <span class='ocrx_word' id='word_1_159' title='bbox 1053 2376 1249 2459; x_wconf 85' lang='lat' dir='ltr'>leguminum</span> <span class='ocrx_word' id='word_1_160' title='bbox 1273 2376 1417 2458; x_wconf 86' lang='lat' dir='ltr'>pabulum</span> 
     </span>
     <span class='ocr_line' id='line_1_20' title="bbox 282 2480 1418 2564; baseline 0.002 -23"><span class='ocrx_word' id='word_1_161' title='bbox 282 2482 314 2541; x_wconf 89' lang='lat' dir='ltr'>et</span> <span class='ocrx_word' id='word_1_162' title='bbox 337 2496 436 2559; x_wconf 90' lang='lat' dir='ltr'>aquae</span> <span class='ocrx_word' id='word_1_163' title='bbox 458 2482 568 2561; x_wconf 87' lang='lat' dir='ltr'>potum</span> <span class='ocrx_word' id='word_1_164' title='bbox 590 2480 715 2543; x_wconf 89' lang='lat' dir='ltr'>ferculis</span> <span class='ocrx_word' id='word_1_165' title='bbox 739 2484 771 2543; x_wconf 92' lang='lat' dir='ltr'>et</span> <span class='ocrx_word' id='word_1_166' title='bbox 793 2480 979 2564; x_wconf 90' lang='lat' dir='ltr'>oenophoris</span> <span class='ocrx_word' id='word_1_167' title='bbox 995 2482 1088 2564; x_wconf 92' lang='lat' dir='ltr'>regiis</span> <span class='ocrx_word' id='word_1_168' title='bbox 1104 2481 1315 2562; x_wconf 86' lang='lat' dir='ltr'>praeferentes</span> <span class='ocrx_word' id='word_1_169' title='bbox 1331 2483 1418 2561; x_wconf 89' lang='lat' dir='ltr'>atque</span> 
     </span>
    </p>

    <p class='ocr_par' dir='ltr' id='par_1_6' title="bbox 228 2583 1418 3816">
     <span class='ocr_line' id='line_1_21' title="bbox 228 2583 1417 2668; baseline 0.001 -21"><span class='ocrx_word' id='word_1_170' title='bbox 228 2609 255 2647; x_wconf 85' lang='grc'>10</span> <span class='ocrx_word' id='word_1_171' title='bbox 282 2583 391 2646; x_wconf 89' lang='lat' dir='ltr'>exinde</span> <span class='ocrx_word' id='word_1_172' title='bbox 414 2583 623 2664; x_wconf 90' lang='lat' dir='ltr'>formosiores,</span> <span class='ocrx_word' id='word_1_173' title='bbox 647 2604 686 2648; x_wconf 90' lang='lat' dir='ltr'>ne</span> <span class='ocrx_word' id='word_1_174' title='bbox 709 2585 762 2666; x_wconf 90' lang='lat' dir='ltr'>qui</span> <span class='ocrx_word' id='word_1_175' title='bbox 785 2585 823 2648; x_wconf 91' lang='lat' dir='ltr'>de</span> <span class='ocrx_word' id='word_1_176' title='bbox 843 2585 945 2668; x_wconf 90' lang='lat' dir='ltr'>specie</span> <span class='ocrx_word' id='word_1_177' title='bbox 962 2604 1084 2667; x_wconf 91' lang='lat' dir='ltr'>quoque</span> <span class='ocrx_word' id='word_1_178' title='bbox 1101 2585 1277 2667; x_wconf 91' lang='lat' dir='ltr'>corpusculi</span> <span class='ocrx_word' id='word_1_179' title='bbox 1292 2588 1417 2664; x_wconf 90' lang='lat' dir='ltr'>metuat,</span> 
     </span>
     <span class='ocr_line' id='line_1_22' title="bbox 267 2689 1417 2776; baseline 0 -25"><span class='ocrx_word' id='word_1_180' title='bbox 267 2691 421 2776; x_wconf 80' lang='lat' dir='ltr'>¹ceterum</span> <span class='ocrx_word' id='word_1_181' title='bbox 444 2689 554 2771; x_wconf 87' lang='lat' dir='ltr'>spiritu</span> <span class='ocrx_word' id='word_1_182' title='bbox 578 2690 704 2772; x_wconf 91' lang='lat' dir='ltr'>insuper</span> <span class='ocrx_word' id='word_1_183' title='bbox 727 2690 837 2753; x_wconf 89' lang='lat' dir='ltr'>cultos.</span> <span class='ocrx_word' id='word_1_184' title='bbox 874 2690 959 2754; x_wconf 92' lang='lat' dir='ltr'>dedit</span> <span class='ocrx_word' id='word_1_185' title='bbox 982 2691 1066 2753; x_wconf 91' lang='lat' dir='ltr'>enim</span> <span class='ocrx_word' id='word_1_186' title='bbox 1090 2690 1166 2753; x_wconf 90' lang='lat' dir='ltr'>deus</span> <span class='ocrx_word' id='word_1_187' title='bbox 1183 2689 1417 2753; x_wconf 89' lang='lat' dir='ltr'>adolescentulis</span> 
     </span>
     <span class='ocr_line' id='line_1_23' title="bbox 282 2793 1418 2877; baseline 0.001 -22"><span class='ocrx_word' id='word_1_188' title='bbox 282 2793 445 2856; x_wconf 87' lang='lat' dir='ltr'>scientiam</span> <span class='ocrx_word' id='word_1_189' title='bbox 477 2797 508 2857; x_wconf 92' lang='lat' dir='ltr'>et</span> <span class='ocrx_word' id='word_1_190' title='bbox 537 2794 786 2877; x_wconf 87' lang='lat' dir='ltr'>intellegentiam</span> <span class='ocrx_word' id='word_1_191' title='bbox 815 2796 848 2858; x_wconf 94' lang='lat' dir='ltr'>in</span> <span class='ocrx_word' id='word_1_192' title='bbox 878 2796 963 2857; x_wconf 91' lang='lat' dir='ltr'>omni</span> <span class='ocrx_word' id='word_1_193' title='bbox 991 2796 1167 2859; x_wconf 86' lang='lat' dir='ltr'>litteratura</span> <span class='ocrx_word' id='word_1_194' title='bbox 1190 2798 1222 2858; x_wconf 91' lang='lat' dir='ltr'>et</span> <span class='ocrx_word' id='word_1_195' title='bbox 1245 2794 1366 2858; x_wconf 85' lang='lat' dir='ltr'>Danieli</span> <span class='ocrx_word' id='word_1_196' title='bbox 1388 2794 1418 2856; x_wconf 92' lang='lat' dir='ltr'>in</span> 
     </span>
     <span class='ocr_line' id='line_1_24' title="bbox 282 2897 1418 2981; baseline -0.001 -20"><span class='ocrx_word' id='word_1_197' title='bbox 282 2897 367 2961; x_wconf 90' lang='lat' dir='ltr'>omui</span> <span class='ocrx_word' id='word_1_198' title='bbox 397 2897 492 2961; x_wconf 88' lang='lat' dir='ltr'>uerbo</span> <span class='ocrx_word' id='word_1_199' title='bbox 521 2899 606 2962; x_wconf 91' lang='lat' dir='ltr'>etin</span> <span class='ocrx_word' id='word_1_200' title='bbox 629 2899 759 2962; x_wconf 90' lang='lat' dir='ltr'>somniis</span> <span class='ocrx_word' id='word_1_201' title='bbox 783 2900 870 2962; x_wconf 91' lang='lat' dir='ltr'>etin</span> <span class='ocrx_word' id='word_1_202' title='bbox 893 2899 979 2963; x_wconf 93' lang='lat' dir='ltr'>omni</span> <span class='ocrx_word' id='word_1_203' title='bbox 1003 2900 1125 2981; x_wconf 90' lang='lat' dir='ltr'>sophia,</span> <span class='ocrx_word' id='word_1_204' title='bbox 1156 2916 1218 2980; x_wconf 89' lang='lat' dir='ltr'>qua</span> <span class='ocrx_word' id='word_1_205' title='bbox 1239 2898 1299 2962; x_wconf 91' lang='lat' dir='ltr'>hoc</span> <span class='ocrx_word' id='word_1_206' title='bbox 1321 2899 1418 2981; x_wconf 91' lang='lat' dir='ltr'>ipsum</span> 
     </span>
     <span class='ocr_line' id='line_1_25' title="bbox 282 3001 1418 3086; baseline 0.001 -22"><span class='ocrx_word' id='word_1_207' title='bbox 282 3021 403 3083; x_wconf 89' lang='lat' dir='ltr'>quoque</span> <span class='ocrx_word' id='word_1_208' title='bbox 423 3006 555 3085; x_wconf 88' lang='lat' dir='ltr'>saperet,</span> <span class='ocrx_word' id='word_1_209' title='bbox 579 3001 809 3084; x_wconf 88' lang='lat' dir='ltr'>quibusmodis</span> <span class='ocrx_word' id='word_1_210' title='bbox 826 3004 935 3067; x_wconf 91' lang='lat' dir='ltr'>dedeo</span> <span class='ocrx_word' id='word_1_211' title='bbox 952 3005 1172 3086; x_wconf 87' lang='lat' dir='ltr'>impetraretur</span> <span class='ocrx_word' id='word_1_212' title='bbox 1188 3003 1305 3086; x_wconf 89' lang='lat' dir='ltr'>agnitio</span> <span class='ocrx_word' id='word_1_213' title='bbox 1322 3020 1418 3066; x_wconf 88' lang='lat' dir='ltr'>sacra-</span> 
     </span>
     <span class='ocr_line' id='line_1_26' title="bbox 230 3096 1418 3190; baseline -0.003 -19"><span class='ocrx_word' id='word_1_214' title='bbox 230 3109 470 3171; x_wconf 71' lang='lat' dir='ltr'>armentorum.</span> <span class='ocrx_word' id='word_1_215' title='bbox 517 3125 598 3170; x_wconf 92' lang='lat' dir='ltr'>anno</span> <span class='ocrx_word' id='word_1_216' title='bbox 628 3096 762 3188; x_wconf 83' lang='lat' dir='ltr'>denique</span> <span class='ocrx_word' id='word_1_217' title='bbox 789 3108 881 3172; x_wconf 90' lang='lat' dir='ltr'>tertio</span> <span class='ocrx_word' id='word_1_218' title='bbox 905 3107 976 3190; x_wconf 75' lang='lat' dir='ltr'>Gyri</span> <span class='ocrx_word' id='word_1_219' title='bbox 998 3108 1081 3190; x_wconf 90' lang='lat' dir='ltr'>regis</span> <span class='ocrx_word' id='word_1_220' title='bbox 1104 3107 1274 3171; x_wconf 90' lang='lat' dir='ltr'>Persarum</span> <span class='ocrx_word' id='word_1_221' title='bbox 1297 3126 1367 3170; x_wconf 89' lang='lat' dir='ltr'>oum</span> <span class='ocrx_word' id='word_1_222' title='bbox 1388 3105 1418 3168; x_wconf 88' lang='lat' dir='ltr'>in</span> 
     </span>
     <span class='ocr_line' id='line_1_27' title="bbox 281 3210 1417 3293; baseline 0.001 -21"><span class='ocrx_word' id='word_1_223' title='bbox 281 3210 488 3293; x_wconf 88' lang='lat' dir='ltr'>recogitatum</span> <span class='ocrx_word' id='word_1_224' title='bbox 522 3211 682 3274; x_wconf 90' lang='lat' dir='ltr'>incidisset</span> <span class='ocrx_word' id='word_1_225' title='bbox 715 3212 860 3291; x_wconf 82' lang='lat' dir='ltr'>cisionis,</span> <span class='ocrx_word' id='word_1_226' title='bbox 900 3212 995 3275; x_wconf 89' lang='lat' dir='ltr'>aliam</span> <span class='ocrx_word' id='word_1_227' title='bbox 1028 3211 1162 3275; x_wconf 89' lang='lat' dir='ltr'>formam</span> <span class='ocrx_word' id='word_1_228' title='bbox 1196 3210 1417 3274; x_wconf 90' lang='lat' dir='ltr'>humiliationis</span> 
     </span>
     <span class='ocr_line' id='line_1_28' title="bbox 281 3315 1417 3399; baseline 0.001 -22"><span class='ocrx_word' id='word_1_229' title='bbox 281 3315 448 3397; x_wconf 91' lang='lat' dir='ltr'>prospexit.</span> <span class='ocrx_word' id='word_1_230' title='bbox 483 3315 519 3377; x_wconf 91' lang='lat' dir='ltr'>in</span> <span class='ocrx_word' id='word_1_231' title='bbox 541 3315 636 3395; x_wconf 92' lang='lat' dir='ltr'>illis,</span> <span class='ocrx_word' id='word_1_232' title='bbox 660 3316 772 3397; x_wconf 89' lang='lat' dir='ltr'>inquit,</span> <span class='ocrx_word' id='word_1_233' title='bbox 796 3315 926 3379; x_wconf 87' lang='lat' dir='ltr'>diebus</span> <span class='ocrx_word' id='word_1_234' title='bbox 943 3334 1008 3399; x_wconf 92' lang='lat' dir='ltr'>ego</span> <span class='ocrx_word' id='word_1_235' title='bbox 1025 3316 1158 3379; x_wconf 87' lang='lat' dir='ltr'>Daniel</span> <span class='ocrx_word' id='word_1_236' title='bbox 1175 3334 1275 3394; x_wconf 78' lang='lat' dir='ltr'>eram</span> <span class='ocrx_word' id='word_1_237' title='bbox 1290 3316 1417 3399; x_wconf 91' lang='lat' dir='ltr'>lugens</span> 
     </span>
     <span class='ocr_line' id='line_1_29' title="bbox 281 3418 1418 3502; baseline 0 -20"><span class='ocrx_word' id='word_1_238' title='bbox 281 3440 345 3501; x_wconf 91' lang='lat' dir='ltr'>per</span> <span class='ocrx_word' id='word_1_239' title='bbox 367 3423 444 3484; x_wconf 91' lang='lat' dir='ltr'>tres</span> <span class='ocrx_word' id='word_1_240' title='bbox 468 3418 736 3500; x_wconf 86' lang='lat' dir='ltr'>hebdomadas,</span> <span class='ocrx_word' id='word_1_241' title='bbox 760 3438 892 3502; x_wconf 87' lang='lat' dir='ltr'>panem</span> <span class='ocrx_word' id='word_1_242' title='bbox 916 3439 1068 3501; x_wconf 87' lang='lat' dir='ltr'>suauem</span> <span class='ocrx_word' id='word_1_243' title='bbox 1092 3437 1165 3485; x_wconf 90' lang='lat' dir='ltr'>non</span> <span class='ocrx_word' id='word_1_244' title='bbox 1189 3419 1261 3500; x_wconf 92' lang='lat' dir='ltr'>edi,</span> <span class='ocrx_word' id='word_1_245' title='bbox 1286 3438 1368 3483; x_wconf 88' lang='lat' dir='ltr'>caro</span> <span class='ocrx_word' id='word_1_246' title='bbox 1386 3422 1418 3481; x_wconf 90' lang='lat' dir='ltr'>et</span> 
     </span>
     <span class='ocr_line' id='line_1_30' title="bbox 282 3525 1417 3604; baseline -0.001 -17"><span class='ocrx_word' id='word_1_247' title='bbox 282 3526 409 3588; x_wconf 92' lang='lat' dir='ltr'>uinum</span> <span class='ocrx_word' id='word_1_248' title='bbox 439 3542 510 3589; x_wconf 91' lang='lat' dir='ltr'>non</span> <span class='ocrx_word' id='word_1_249' title='bbox 540 3525 770 3589; x_wconf 90' lang='lat' dir='ltr'>introierunt</span> <span class='ocrx_word' id='word_1_250' title='bbox 799 3525 836 3589; x_wconf 90' lang='lat' dir='ltr'>in</span> <span class='ocrx_word' id='word_1_251' title='bbox 866 3544 903 3588; x_wconf 92' lang='lat' dir='ltr'>os</span> <span class='ocrx_word' id='word_1_252' title='bbox 928 3544 1062 3604; x_wconf 85' lang='lat' dir='ltr'>meum,</span> <span class='ocrx_word' id='word_1_253' title='bbox 1093 3527 1172 3589; x_wconf 93' lang='lat' dir='ltr'>oleo</span> <span class='ocrx_word' id='word_1_254' title='bbox 1195 3529 1329 3590; x_wconf 90' lang='lat' dir='ltr'>unctus</span> <span class='ocrx_word' id='word_1_255' title='bbox 1352 3542 1417 3587; x_wconf 90' lang='lat' dir='ltr'>non</span> 
     </span>
     <span class='ocr_line' id='line_1_31' title="bbox 230 3628 1416 3709; baseline -0.003 -16"><span class='ocrx_word' id='word_1_256' title='bbox 230 3656 256 3694; x_wconf 81' lang='lat' dir='ltr'>eo</span> <span class='ocrx_word' id='word_1_257' title='bbox 283 3648 376 3708; x_wconf 93' lang='lat' dir='ltr'>sum,</span> <span class='ocrx_word' id='word_1_258' title='bbox 408 3629 522 3693; x_wconf 88' lang='lat' dir='ltr'>donec</span> <span class='ocrx_word' id='word_1_259' title='bbox 545 3632 895 3693; x_wconf 88' lang='lat' dir='ltr'>consummarentur</span> <span class='ocrx_word' id='word_1_260' title='bbox 918 3632 994 3693; x_wconf 90' lang='lat' dir='ltr'>tres</span> <span class='ocrx_word' id='word_1_261' title='bbox 1017 3629 1285 3707; x_wconf 84' lang='lat' dir='ltr'>hebdomades,</span> <span class='ocrx_word' id='word_1_262' title='bbox 1310 3628 1416 3709; x_wconf 85' lang='lat' dir='ltr'>quihus</span> 
     </span>
     <span class='ocr_line' id='line_1_32' title="bbox 282 3732 1416 3816; baseline -0.002 -21"><span class='ocrx_word' id='word_1_263' title='bbox 282 3734 447 3797; x_wconf 89' lang='lat' dir='ltr'>transactis</span> <span class='ocrx_word' id='word_1_264' title='bbox 464 3734 594 3816; x_wconf 87' lang='lat' dir='ltr'>angelus</span> <span class='ocrx_word' id='word_1_265' title='bbox 611 3732 745 3796; x_wconf 91' lang='lat' dir='ltr'>emissus</span> <span class='ocrx_word' id='word_1_266' title='bbox 762 3738 811 3798; x_wconf 90' lang='lat' dir='ltr'>est</span> <span class='ocrx_word' id='word_1_267' title='bbox 826 3734 930 3798; x_wconf 89' lang='lat' dir='ltr'>taliter</span> <span class='ocrx_word' id='word_1_268' title='bbox 946 3734 1123 3814; x_wconf 86' lang='lat' dir='ltr'>alloquens:</span> <span class='ocrx_word' id='word_1_269' title='bbox 1146 3732 1297 3813; x_wconf 90' lang='lat' dir='ltr'>Daniel,</span> <span class='ocrx_word' id='word_1_270' title='bbox 1318 3734 1416 3795; x_wconf 89' lang='lat' dir='ltr'>homo</span> 
     </span>
    </p>

    <p class='ocr_par' dir='ltr' id='par_1_7' title="bbox 281 3836 1415 4026">
     <span class='ocr_line' id='line_1_33' title="bbox 282 3836 1415 3920; baseline -0.002 -20"><span class='ocrx_word' id='word_1_271' title='bbox 282 3856 319 3900; x_wconf 92' lang='lat' dir='ltr'>es</span> <span class='ocrx_word' id='word_1_272' title='bbox 350 3836 598 3917; x_wconf 84' lang='lat' dir='ltr'>miserabilis,</span> <span class='ocrx_word' id='word_1_273' title='bbox 629 3856 673 3900; x_wconf 91' lang='lat' dir='ltr'>nc</span> <span class='ocrx_word' id='word_1_274' title='bbox 703 3837 891 3918; x_wconf 91' lang='lat' dir='ltr'>timueris,</span> <span class='ocrx_word' id='word_1_275' title='bbox 923 3838 1098 3919; x_wconf 89' lang='lat' dir='ltr'>quoniam</span> <span class='ocrx_word' id='word_1_276' title='bbox 1130 3856 1169 3900; x_wconf 89' lang='lat' dir='ltr'>ex</span> <span class='ocrx_word' id='word_1_277' title='bbox 1200 3836 1258 3901; x_wconf 92' lang='lat' dir='ltr'>dic</span> <span class='ocrx_word' id='word_1_278' title='bbox 1289 3837 1415 3920; x_wconf 90' lang='lat' dir='ltr'>prima,</span> 
     </span>
     <span class='ocr_line' id='line_1_34' title="bbox 281 3939 1415 4026; baseline -0.003 -21"><span class='ocrx_word' id='word_1_279' title='bbox 281 3960 351 4024; x_wconf 90' lang='lat' dir='ltr'>qua</span> <span class='ocrx_word' id='word_1_280' title='bbox 381 3941 520 4006; x_wconf 89' lang='lat' dir='ltr'>dedisti</span> <span class='ocrx_word' id='word_1_281' title='bbox 548 3942 708 4025; x_wconf 87' lang='lat' dir='ltr'>animam</span> <span class='ocrx_word' id='word_1_282' title='bbox 731 3945 833 4005; x_wconf 90' lang='lat' dir='ltr'>tuam</span> <span class='ocrx_word' id='word_1_283' title='bbox 855 3942 1085 4026; x_wconf 88' lang='lat' dir='ltr'>recogitatui</span> <span class='ocrx_word' id='word_1_284' title='bbox 1109 3944 1144 4005; x_wconf 90' lang='lat' dir='ltr'>et</span> <span class='ocrx_word' id='word_1_285' title='bbox 1166 3939 1415 4005; x_wconf 88' lang='lat' dir='ltr'>humiliationi</span> 
     </span>
    </p>
   </div>
   <div class='ocr_carea' id='block_1_3' title="bbox 282 4053 1413 4235">
    <p class='ocr_par' dir='ltr' id='par_1_8' title="bbox 282 4053 1413 4235">
     <span class='ocr_line' id='line_1_35' title="bbox 385 4053 1413 4148; baseline -0.004 -17"><span class='ocrx_word' id='word_1_286' title='bbox 385 4079 413 4147; x_wconf 88' lang='grc'>1]</span> <span class='ocrx_word' id='word_1_287' title='bbox 437 4078 547 4133; x_wconf 75' lang='grc'>01101.</span> <span class='ocrx_word' id='word_1_288' title='bbox 567 4082 608 4143; x_wconf 85' lang='lat' dir='ltr'>ro,</span> <span class='ocrx_word' id='word_1_289' title='bbox 626 4082 651 4133; x_wconf 78' lang='lat'>4.</span> <span class='ocrx_word' id='word_1_290' title='bbox 725 4079 769 4148; x_wconf 92' lang='grc'>10]</span> <span class='ocrx_word' id='word_1_291' title='bbox 792 4078 826 4132; x_wconf 75' lang='lat' dir='ltr'>ef.</span> <span class='ocrx_word' id='word_1_292' title='bbox 849 4078 940 4141; x_wconf 77' lang='lat' dir='ltr'>acor.</span> <span class='ocrx_word' id='word_1_293' title='bbox 961 4081 1001 4141; x_wconf 90' lang='lat'>11,</span> <span class='ocrx_word' id='word_1_294' title='bbox 1018 4080 1060 4132; x_wconf 80' lang='lat' dir='ltr'>er.</span> <span class='ocrx_word' id='word_1_295' title='bbox 1131 4077 1176 4146; x_wconf 79' lang='grc'>01]</span> <span class='ocrx_word' id='word_1_296' title='bbox 1201 4053 1269 4131; x_wconf 66' lang='lat' dir='ltr'>oin.</span> <span class='ocrx_word' id='word_1_297' title='bbox 1289 4080 1328 4140; x_wconf 92' lang='grc'>10,</span> <span class='ocrx_word' id='word_1_298' title='bbox 1345 4079 1360 4131; x_wconf 83' lang='grc'>1</span> <span class='ocrx_word' id='word_1_299' title='bbox 1380 4090 1413 4142; x_wconf 82' lang='lat' dir='ltr'>sq.</span> 
     </span>
     <span class='ocr_line' id='line_1_36' title="bbox 282 4165 558 4235; baseline -0.004 -14"><span class='ocrx_word' id='word_1_300' title='bbox 282 4167 327 4235; x_wconf 86' lang='lat'>31]</span> <span class='ocrx_word' id='word_1_301' title='bbox 346 4165 411 4219; x_wconf 80' lang='grc'>1011.</span> <span class='ocrx_word' id='word_1_302' title='bbox 426 4169 502 4235; x_wconf 90' lang='grc'>10,1.</span> <span class='ocrx_word' id='word_1_303' title='bbox 518 4169 558 4222; x_wconf 81' lang='grc'>11.</span> 
     </span>
    </p>
   </div>
   <div class='ocr_carea' id='block_1_4' title="bbox 284 4286 1414 4444">
    <p class='ocr_par' dir='ltr' id='par_1_9' title="bbox 284 4286 1414 4444">
     <span class='ocr_line' id='line_1_37' title="bbox 325 4286 1414 4356; baseline -0.005 -13"><span class='ocrx_word' id='word_1_304' title='bbox 325 4290 358 4343; x_wconf 86' lang='grc'>20</span> <span class='ocrx_word' id='word_1_305' title='bbox 377 4288 423 4355; x_wconf 87' lang='lat' dir='ltr'>qui</span> <span class='ocrx_word' id='word_1_306' title='bbox 443 4289 474 4354; x_wconf 80' lang='lat'>0,</span> <span class='ocrx_word' id='word_1_307' title='bbox 497 4288 556 4356; x_wconf 90' lang='lat' dir='ltr'>quis</span> <span class='ocrx_word' id='word_1_308' title='bbox 573 4290 601 4343; x_wconf 91' lang='lat' dir='ltr'><em>B</em></span> <span class='ocrx_word' id='word_1_309' title='bbox 665 4291 699 4343; x_wconf 81' lang='lat'>23</span> <span class='ocrx_word' id='word_1_310' title='bbox 718 4287 829 4341; x_wconf 88' lang='lat' dir='ltr'>somniis</span> <span class='ocrx_word' id='word_1_311' title='bbox 850 4288 912 4343; x_wconf 80' lang='lat' dir='ltr'>Get:</span> <span class='ocrx_word' id='word_1_312' title='bbox 930 4287 1030 4341; x_wconf 86' lang='lat' dir='ltr'>somnis</span> <span class='ocrx_word' id='word_1_313' title='bbox 1049 4289 1076 4342; x_wconf 90' lang='lat' dir='ltr'><em>B</em></span> <span class='ocrx_word' id='word_1_314' title='bbox 1146 4290 1178 4343; x_wconf 85' lang='lat'>25</span> <span class='ocrx_word' id='word_1_315' title='bbox 1198 4287 1226 4340; x_wconf 93' lang='lat' dir='ltr'>in</span> <span class='ocrx_word' id='word_1_316' title='bbox 1245 4286 1414 4355; x_wconf 87' lang='lat' dir='ltr'>recogitatum</span> 
     </span>
     <span class='ocr_line' id='line_1_38' title="bbox 284 4373 1072 4444; baseline -0.003 -13"><span class='ocrx_word' id='word_1_317' title='bbox 284 4376 347 4431; x_wconf 81' lang='lat' dir='ltr'>Get:</span> <span class='ocrx_word' id='word_1_318' title='bbox 364 4376 422 4443; x_wconf 90' lang='lat' dir='ltr'>regi</span> <span class='ocrx_word' id='word_1_319' title='bbox 441 4374 589 4444; x_wconf 88' lang='lat' dir='ltr'>cogitatum</span> <span class='ocrx_word' id='word_1_320' title='bbox 607 4376 635 4431; x_wconf 91' lang='lat' dir='ltr'><strong><em>B</em></strong></span> <span class='ocrx_word' id='word_1_321' title='bbox 688 4377 720 4429; x_wconf 82' lang='lat'>27</span> <span class='ocrx_word' id='word_1_322' title='bbox 739 4373 834 4444; x_wconf 89' lang='lat' dir='ltr'>lugens</span> <span class='ocrx_word' id='word_1_323' title='bbox 856 4375 918 4444; x_wconf 80' lang='lat' dir='ltr'>Get:</span> <span class='ocrx_word' id='word_1_324' title='bbox 934 4374 1025 4442; x_wconf 88' lang='lat' dir='ltr'>legens</span> <span class='ocrx_word' id='word_1_325' title='bbox 1044 4376 1072 4429; x_wconf 91' lang='lat' dir='ltr'><em>B</em></span> 
     </span>
    </p>
   </div>
   <div class='ocr_carea' id='block_1_5' title="bbox 0 0 1604 5031">
    <p class='ocr_par' dir='ltr' id='par_1_10' title="bbox 0 0 1604 5031">
     <span class='ocr_line' id='line_1_39' title="bbox 0 0 1604 5031; baseline 0 0"><span class='ocrx_word' id='word_1_326' title='bbox 0 0 1604 5031; x_wconf 95' lang='lat' dir='ltr'> </span> 
     </span>
    </p>
   </div>
  </div>
 </body>
</html>
