3200 5034
287 433 351 498 250
519 432 634 499 Quinti
652 434 790 503 Septimi
809 435 975 489 Florentia
995 434 1200 489 Tertulliani

287 610 488 691 suspicareris
522 614 553 674 et
585 609 708 674 fidelius
738 613 1002 693 argumentareris
1034 612 1171 693 aliquem
1202 610 1308 695 potius
1337 612 1425 694 longe

286 714 383 777 alium
406 714 489 798 apud
506 714 683 779 Corinthios
703 718 779 778 tunc
795 715 826 779 in
844 716 952 779 eadem
969 735 1064 781 causa
1078 717 1187 796 fuisse,
1211 719 1245 779 ut
1260 716 1425 798 increpitus

286 821 318 881 et
347 818 472 882 territus
504 821 535 882 et
565 836 704 883 maerore
734 822 859 883 saucius
889 823 1053 904 propterea
1080 821 1280 903 permittente
1305 820 1425 884 modulo

286 922 390 986 delicti
413 922 538 987 ueniam
561 926 669 1006 postea
693 924 819 1006 ceperit,
843 942 938 1005 quam
961 929 996 989 ut
1019 944 1089 989 eam
1111 926 1230 988 incesto
1250 924 1425 988 fornicatori

246 1055 259 1092 a
286 1027 555 1109 interpretareris?
601 1027 659 1091 hoc
688 1028 774 1091 enim
804 1028 918 1111 legisse
945 1029 1112 1109 debueras,
1144 1029 1203 1093 etsi
1226 1046 1286 1093 non
1310 1029 1341 1091 in
1364 1028 1425 1109 epi-

286 1132 380 1211 stola,
411 1132 465 1194 sed
487 1132 519 1195 in
541 1131 610 1215 ipsa
633 1133 766 1215 apostoli
789 1136 890 1213 secta,
918 1151 939 1197 a
959 1134 1076 1215 pudore
1099 1133 1213 1198 clarius
1237 1150 1331 1214 quam
1355 1132 1423 1195 stilo

286 1236 352 1299 eius
368 1237 567 1317 impressum,
588 1255 627 1299 ne
644 1236 762 1301 scilicet
776 1236 912 1301 Paulum
928 1239 1104 1321 apostolum
1121 1237 1247 1316 Christi,
1270 1238 1424 1300 doctorem

285 1340 447 1403 nationum
469 1341 502 1404 in
525 1340 585 1405 fide
609 1344 640 1404 et
662 1341 810 1420 ueritate,
841 1358 897 1405 uas
921 1342 1096 1421 electionis,
1127 1341 1329 1405 ecclesiarum
1354 1359 1424 1404 con-

285 1444 432 1524 ditorem,
456 1461 617 1508 censorem
642 1444 894 1527 disciplinarum,
922 1448 1029 1511 tantae
1052 1446 1190 1509 leuitatis
1213 1445 1368 1524 inficeres,
1390 1448 1424 1507 ut

233 1573 258 1611 ιο
285 1552 340 1611 aut
362 1548 560 1613 damnauerit
583 1552 700 1612 temere
725 1568 818 1630 quern
839 1567 909 1613 mox
926 1553 1009 1614 esset
1024 1551 1225 1615 absoluturus
1242 1551 1297 1612 ant
1311 1552 1423 1613 temere

285 1650 456 1716 absoluerit
478 1672 572 1734 quern
595 1671 658 1717 non
681 1657 799 1717 temere
823 1654 1018 1735 damnasset,
1050 1655 1089 1719 ob
1113 1654 1213 1718 solam
1235 1654 1311 1718 licet
1332 1652 1423 1717 forni-

284 1757 437 1819 actionem
462 1757 611 1839 simplicis
634 1758 858 1840 impudicitiae,
886 1759 1003 1822 nedum
1025 1758 1064 1822 ob
1088 1760 1224 1822 incestas
1248 1757 1372 1840 nuptias
1394 1760 1424 1819 et

284 1860 414 1942 impiam
445 1861 601 1925 luxuriam
628 1865 659 1925 et
682 1861 845 1926 libidinem
868 1863 1099 1945 parricidalem,
1130 1879 1225 1943 quam
1248 1880 1306 1925 nec
1329 1860 1424 1925 natic-

284 1964 376 2029 nibus
400 1969 645 2047 comparauerat,
670 1985 709 2029 ne
732 1967 951 2031 consuetudini
967 1967 1178 2050 deputaretur,
1203 1983 1298 2047 quam
1315 1964 1422 2028 absens

232 2069 448 2149 uindicaret,
480 2088 519 2132 ne
548 2070 686 2152 spatium
717 2089 789 2134 reus
821 2072 1007 2151 lucraretur,
1039 2088 1135 2152 quarn
1158 2069 1310 2133 aduocata
1333 2069 1423 2133 etiam

285 2173 401 2237 domini
431 2171 547 2237 uirtute
578 2174 798 2255 damnauerat,
833 2195 872 2239 ne
904 2175 1044 2239 humana
1074 2174 1231 2237 sententia
1261 2174 1379 2236 uideret
1415 2221 1422 2234 .

283 2278 358 2341 lusit
381 2278 476 2361 igitur
500 2281 530 2341 et
553 2279 590 2341 de
614 2297 670 2342 suc
694 2279 805 2361 spiritu
830 2279 920 2343 etde
944 2278 1092 2342 ecclesiae
1115 2278 1226 2360 angele
1250 2280 1283 2340 et
1306 2275 1342 2339 de
1364 2275 1423 2339 uir·

284 2385 351 2445 tute
375 2382 502 2462 domini,
526 2383 553 2447 si
576 2384 659 2464 quod
679 2384 716 2447 de
732 2384 862 2448 consilio
878 2402 985 2447 eorum
1000 2382 1268 2464 pronuntiauerat,
1291 2379 1421 2444 rescidit.

330 2483 378 2549 15.
396 2485 428 2551 Si
452 2487 546 2550 etiam
571 2488 735 2569 sequeutia
757 2488 841 2553 illius
865 2487 1014 2570 epistolae
1038 2487 1077 2550 ad
1097 2485 1338 2549 intentationem
1354 2502 1422 2567 apo-

230 2615 257 2653 ic
284 2591 356 2654 stoli
378 2590 542 2671 extendas,
573 2610 630 2654 uec
659 2592 728 2674 ipsa
752 2590 1019 2675 comparabuntur
1042 2590 1081 2653 ad
1104 2589 1357 2653 obliterationem
1379 2588 1421 2649 in-

283 2696 370 2774 cesti,
394 2713 432 2757 ne
456 2698 487 2758 et
508 2695 560 2759 hic
579 2695 777 2759 suffundatur
793 2696 952 2777 apostulus
967 2694 1175 2776 posteriorum
1190 2691 1422 2775 incongruentia

284 2818 443 2863 sensuum.
490 2800 581 2881 quale
605 2803 653 2863 est
676 2800 771 2879 enim,
797 2802 831 2862 ut
854 2818 925 2863 cum
949 2799 1084 2863 maxime
1107 2800 1225 2861 incesto
1249 2796 1421 2860 fornicatori

282 2902 510 2985 postliminium
541 2904 672 2986 largitus
704 2904 932 2967 ecclesiasticae
958 2903 1043 2984 pacis
1067 2903 1177 2967 statim
1199 2900 1367 2985 ingesserit
1387 2900 1421 2962 de

283 3007 479 3070 auersaticne
502 3008 784 3087 immunditiarum,
808 3009 846 3071 de
863 3007 1076 3090 amputatione
1092 3006 1299 3086 macularum,
1323 3004 1360 3068 de
1375 3023 1421 3067 er·

189 3191 193 3200 .
231 3135 257 3174 aa
285 3112 460 3176 hortatione
484 3111 778 3191 sanctimoniarum,
808 3113 897 3193 quasi
924 3111 1001 3175 nihil
1025 3110 1215 3175 contrarium
1238 3110 1332 3192 paulo
1355 3112 1421 3172 ante

284 3216 478 3279 decreuerit?
523 3233 671 3299 compara
692 3217 841 3298 denique,
870 3234 909 3280 an
934 3216 999 3279 eius
1024 3215 1064 3278 sit
1086 3214 1199 3295 dicere·
1230 3217 1421 3296 propterea

283 3319 466 3384 habentes
489 3320 807 3385 ministrationem
831 3321 960 3399 istam,
984 3318 1188 3382 secundum
1208 3318 1305 3399 quod
1322 3318 1421 3382 mise-

282 3424 481 3488 ricordiam
508 3426 704 3489 consecuti
727 3443 868 3503 sumus,
899 3442 970 3487 non
994 3423 1207 3503 deficimus,
1240 3423 1304 3487 sed
1327 3422 1421 3486 abdi·

283 3548 409 3593 camus
440 3530 589 3593 occulta
619 3529 829 3608 dedecoris,
861 3528 999 3609 quinon
1022 3527 1180 3591 dedecoris
1205 3530 1344 3606 tantum,
1371 3524 1420 3589 sed

357 3805 360 3810 ,
387 3744 431 3813 15]
451 3745 484 3799 cl.
505 3747 518 3799 1
533 3745 592 3799 Cor.
606 3749 630 3808 5,
643 3746 668 3799 4.
723 3745 768 3813 26]
788 3747 804 3799 2
823 3743 882 3799 Cor.
895 3746 920 3808 4,
936 3746 948 3799 l
964 3760 1001 3811 sq.

327 3944 532 4014 lsuspiearerie
547 3945 610 4000 Gal:
628 3944 798 4013 suspirareris
811 3946 838 3999 B
892 3943 980 3999 3iem
999 3942 1105 3997 saucius
1119 3943 1169 3997 cu
1221 3941 1350 4009 lceperit
1363 3940 1421 3993 Gal:

283 4032 437 4102 coeperitB
486 4032 549 4088 5iu
566 4033 630 4086 cdd.
648 4033 700 4088 Ure
748 4034 810 4087 7et
828 4030 938 4099 paulum
950 4032 992 4097 B‚·
1009 4032 1037 4082 et
1054 4031 1104 4084 del.
1120 4030 1170 4083 ca
1217 4028 1419 4083 8nationum—

282 4119 447 4173 conditorem
465 4119 530 4172 add.
552 4119 602 4173 Gal
672 4122 688 4174 9
707 4119 850 4171 infamares
868 4120 931 4187 fort.
1005 4119 1037 4171 13
1061 4113 1211 4169 nationibus
1233 4116 1295 4169 Gal:
1318 4112 1420 4167 rationi-

282 4206 332 4259 bus
356 4208 383 4260 B
456 4209 488 4259 14
511 4208 649 4273 comparat
671 4206 726 4274 Rip
797 4203 983 4257 consuetudini
1007 4203 1070 4258 Get:
1097 4201 1125 4255 iu
1152 4198 1419 4255 consuetudinemB

285 4295 316 4348 15
335 4292 467 4346 iudicarat
484 4293 597 4362 compsi:
615 4291 744 4344 iudicaret
757 4293 784 4344 B
839 4294 870 4345 19
890 4289 1066 4343 intentionem
1080 4291 1144 4345 Scal
1196 4291 1229 4343 21
1249 4287 1418 4355 incongruen-

284 4380 322 4436 tia
341 4380 404 4434 cea.-
422 4378 450 4432 in
469 4378 643 4447 congruentia
661 4380 688 4432 B
740 4380 774 4432 24
793 4376 958 4430 auersatione
981 4378 1046 4431 Ura:
1064 4374 1248 4428 aduersatione
1267 4376 1295 4429 B
