3200 5034
695 432 872 486 Praefatio.
1317 433 1356 486 IX

214 612 268 673 aut
290 609 415 674 diuersa
437 609 551 692 legisse
575 629 608 672 ee
632 610 741 674 testati
764 612 839 673 sunt
855 609 886 688 ii,
910 609 964 690 qui
979 588 1357 674 ante'lteifferscheidium

151 769 154 774 .
211 713 326 776 librum
349 712 587 796 Agobardinum
619 713 758 796 apicibus
789 717 857 776 tum
888 712 1022 776 fortasse
1044 712 1265 796 integrioribus
1288 731 1356 776 ma-

211 817 303 881 nibus
319 820 493 882 uersarunt.
530 818 561 880 in
579 816 692 899 quibus
708 817 809 901 primo
823 818 891 882 1333
907 817 1116 882 nominandus
1131 820 1180 881 331
1195 816 1352 882 1333133
1379 813 1476 878 Goth*

212 919 479 1003 Gothofredus,
517 922 571 1003 qui
605 922 742 987 codicem
778 920 924 986 Geneuae
958 922 1123 1003 usurpauit
1155 939 1236 985 anno
1272 919 1357 982 1624

212 1025 338 1106 eiusque
373 1026 404 1089 in
439 1025 525 1090 libris
556 1023 602 1087 31
631 1025 778 1088 nationes
813 1026 916 1090 uarias
950 1026 1100 1090 lectiones
1136 1025 1298 1090 adnotauit
1323 1025 1356 1089 in

211 1128 305 1193 huius
336 1130 437 1212 operis
469 1130 603 1194 editione
634 1131 771 1212 principe
800 1148 881 1194 annu
903 1130 1080 1211 insequenti
1110 1130 1234 1209 emissa,
1265 1147 1356 1193 3333-

209 1234 328 1297 ratione
356 1234 382 1297 is
411 1233 536 1314 quidem
564 1253 640 1298 usus
663 1234 747 1299 illius
771 1234 883 1298 aetatis
906 1234 1164 1298 consuetudinem
1187 1236 1280 1316 longe
1303 1252 1354 1297 31-

209 1337 348 1402 cedente.
387 1336 616 1402 Gothofredum
638 1340 669 1402 in
686 1338 869 1403 excutiendo
885 1339 988 1402 codice
1005 1339 1125 1420 excepit
1140 1337 1352 1421 Stephanus
1376 1336 1455 1398 Bal*

209 1441 402 1522 Baluzius,
426 1443 514 1507 cuius
540 1444 748 1508 conlationem
770 1444 915 1508 editionis
931 1443 1128 1527 Rigaltianae
1149 1461 1176 1506 a.
1195 1442 1276 1505 1641
1297 1462 1355 1525 pu-

208 1545 341 1609 blicatae
373 1531 542 1630 exemplari
569 1548 752 1612 Monacensi
783 1549 816 1612 in
846 1549 988 1632 margine
1018 1547 1174 1631 adpictum
1205 1547 1355 1611 1333313

208 1650 334 1714 uocauit
357 1649 481 1732 Oehler,
510 1653 564 1734 qui
592 1652 675 1716 idem
706 1653 800 1716 tertia
830 1670 952 1733 quoque
982 1653 1122 1715 eiusdem
1152 1651 1223 1715 libri
1250 1652 1354 1716 conla-

208 1754 292 1817 tione
322 1773 397 1820 usus
421 1759 469 1820 est
492 1773 511 1819 3
533 1755 700 1821 Gustauo
723 1757 913 1820 Friderico
936 1756 1171 1820 Hildebrand
1201 1756 1351 1820 confecta.
1376 1754 1474 1817 Hild'

208 1876 341 1939 quorum
364 1863 515 1940 quantam
539 1862 669 1942 quisque
693 1861 871 1925 adhibuerit
893 1863 925 1924 et
946 1860 1092 1941 peritiam
1112 1863 1144 1923 et
1160 1860 1353 1944 diligentiam

207 1963 240 2026 in
263 1964 454 2046 praefatione
478 1965 606 2029 secundi
629 1966 706 2029 tomi
729 1963 1004 2044 demonstrabitur,
1028 1983 1112 2028 nune
1135 1964 1161 2027 si
1182 1965 1251 2045 quis
1268 1964 1353 2047 cupit

206 2067 298 2131 facile
321 2068 456 2133 iudicare
480 2072 585 2151 potest
600 2069 787 2151 comparatis
805 2087 913 2134 eorum
929 2069 1118 2132 testimoniis
1135 2087 1207 2131 cum
1223 2068 1352 2131 Reiffer-

207 2171 335 2234 scheidii
354 2173 539 2253 conlatione,
559 2173 591 2237 in
612 2191 675 2254 qua
693 2176 760 2238 tota
778 2174 856 2237 haec
876 2173 1013 2236 recensio
1028 2173 1147 2236 nititur.
1186 2173 1238 2253 qui
1261 2190 1352 2235 aceu-

206 2275 364 2339 ratissime
388 2276 526 2340 codicem
550 2274 1043 2342 313333113311131867311816
1066 2277 1256 2357 tertiumque
1280 2295 1352 2339 eum

206 2379 352 2462 inspexit,
375 2383 542 2463 postquam
565 2380 717 2445 librorum
741 2378 956 2442 adnationes
980 2381 1188 2444 conlationem
1211 2398 1230 2443 a
1252 2380 1352 2443 Maxi-

206 2483 337 2547 miliano
360 2485 558 2549 Klussmann
582 2503 664 2550 anno
690 2482 913 2549 recesseram
936 2489 967 2548 et
989 2486 1166 2567 insequenti
1189 2503 1270 2548 anno
1293 2503 1352 2566 pu-

204 2587 387 2671 blicatam1)
410 2590 570 2654 nonnullis
593 2590 669 2654 locis
693 2607 711 2653 a
735 2608 791 2654 sua
814 2590 979 2654 dissentire
1002 2590 1095 2664 uidit;
1123 2591 1228 2670 itaque
1251 2589 1350 2652 sicubi

204 2691 238 2754 in
253 2692 346 2755 huius
363 2693 508 2758 editionis
525 2697 677 2777 apparatu
693 2694 820 2758 diuersa
834 2713 853 2758 a
867 2694 1055 2759 lectionibus
1071 2693 1348 2758 Klussmannianis

153 2875 162 2884 ,
207 2796 355 2860 adnotata
378 2798 529 2878 inuenies,
553 2801 661 2862 nostra
682 2817 758 2863 uera
781 2818 850 2862 esse
873 2800 959 2864 scito.

250 2901 327 2964 Post
345 2899 374 2963 A
394 2903 425 2966 iu
445 2887 643 2966 recensendis
664 2903 755 2966 huius
777 2903 945 2967 uoluminis
961 2903 1049 2967 libris
1065 2904 1181 2966 summi
1197 2904 1349 2968 momenti
1406 2908 1408 2912 ’

207 3008 253 3096 331
278 3005 469 3076 Tertulliani
489 3007 581 3071 editio
609 3006 648 3070 ab
675 3008 815 3072 Ioanne
842 3006 1035 3092 (langneio
1061 3008 1189 3072 Parisiis
1213 3006 1347 3072 31545
1370 3007 1401 3070 B

205 3110 331 3190 emissa,
356 3111 408 3192 qui
430 3111 576 3193 operibus
593 3112 812 3176 Tertullieneis
836 3116 908 3176 3313
929 3114 1060 3176 aBeato
1076 3112 1227 3176 Rhenano
1247 3112 1349 3195 publi-

206 3214 284 3278 catis
305 3232 419 3278 nouem
439 3215 557 3279 addidit
575 3235 674 3296 usque
695 3234 729 3280 eo
750 3217 866 3299 ignota,
889 3214 927 3278 dc
947 3215 1127 3278 testimonio
1148 3216 1286 3293 animae,
1311 3215 1349 3278 de

206 3317 329 3395 331133,
351 3317 389 3380 de
408 3318 613 3403 spectaculis,
635 3319 673 3382 de
695 3318 865 3404 baptismo,
885 3320 1061 3406 ceorpiccc,
1086 3319 1348 3398 (1311313131313,

207 3420 245 3484 113
260 3421 442 3507 pudicitia,
467 3423 505 3486 dc
525 3423 651 3487 1313313
671 3423 834 3487 aduersus
849 3425 1031 3510 psychicos,
1053 3423 1267 3502 decretione,
1290 3427 1349 3490 hoe

206 3530 255 3590 331
274 3527 389 3610 scripta
409 3546 488 3610 quae
508 3529 566 3593 hoc
586 3530 687 3611 primo
707 3531 867 3594 uolumine
887 3531 1086 3595 continentur
1106 3531 1212 3595 omnia
1225 3534 1348 3613 praeter

205 3631 282 3694 duos
306 3629 518 3694 adnationes
541 3633 647 3714 libroS,
672 3651 804 3716 quorum
828 3634 994 3698 editionem
1009 3635 1182 3718 principem
1198 3653 1279 3698 anno
1294 3635 1348 3699 de-

205 3754 294 3799 mum
318 3733 402 3798 1625
425 3735 464 3800 ab
487 3737 600 3802 Iacobo
622 3736 813 3802 Gothofredo
834 3739 953 3803 factam
974 3758 1042 3803 esse
1063 3739 1205 3802 diximus
1241 3738 1347 3822 Gang-

205 3839 294 3904 neius
322 3860 396 3905 uero
423 3859 496 3905 cum
519 3861 552 3906 se
575 3842 608 3909 iu
631 3842 678 3906 his
703 3843 827 3926 scriptis
851 3844 978 3907 edendis
1002 3844 1215 3908 uetustissimo
1243 3846 1347 3908 codice

205 3963 298 4007 usum
322 3963 389 4009 esse
405 3948 547 4027 testetur,
571 3947 654 4011 hunc
671 3947 774 4030 ipsum
790 3948 888 4011 fuisse
903 3948 1142 4031 Agebardinum
1162 3949 1346 4011 certissimis

205 4051 399 4131 argumentis
423 4050 630 4116 demonstrari
649 4055 763 4135 potest.
803 4071 860 4116 nec
875 4055 982 4117 tamen
998 4053 1104 4116 minus
1120 4055 1249 4132 certum,
1274 4071 1346 4115 eum

205 4199 412 4207 -..μ-μ.-.

248 4291 268 4359 ¹)
291 4291 426 4347 03333313
446 4293 691 4350 Tertulliaccarcnt
705 4297 861 4364 particulae
878 4296 899 4349 1
913 4295 996 4361 3111,
1017 4294 1099 4348 Η3113’
1114 4297 1187 4358 1881,
1206 4311 1272 4362 quae
1291 4295 1345 4348 dis-

204 4379 313 4431 sertatio
332 4379 445 4448 repetita
463 4383 503 4433 est
521 4381 548 4433 in
566 4380 635 4435 libro
655 4398 734 4450 supra
752 4383 834 4435 citato
852 4398 876 4450 p.
890 4381 935 4434 vl.
