3200 5034
399 427 445 481 IX.
465 429 509 481 De
528 427 652 481 ieiunio
671 427 830 481 aduersus
849 428 1022 497 psychicos
1041 430 1116 483 2-3.
1240 389 1245 409 k
1267 430 1329 493 277

230 603 260 666 3.
273 603 382 685 Itaque
399 622 455 668 nos
471 604 530 667 hoc
545 604 631 686 prius
646 603 805 667 affirmare
822 603 972 668 debemus
989 604 1070 686 quod
1086 604 1206 669 occulte
1223 604 1332 668 subrui

186 709 395 791 periclitatur,
422 712 576 789 qnantum
600 709 704 771 ualeat
725 709 808 789 apud
832 710 924 773 deum
946 710 1081 773 inanitas
1104 710 1179 790 ista,
1204 713 1235 773 et
1258 714 1331 773 ante

187 812 301 892 omnia,
325 814 406 876 unde
430 813 509 876 ratio
531 814 600 895 ipsa
622 813 809 895 processerit
831 814 890 877 hoc
906 814 997 877 modo
1013 814 1211 895 promerendi
1227 814 1330 877 deum.

186 920 261 980 tunc
293 917 376 981 enim
409 920 597 999 agnoscetur
628 916 855 981 obseruationis
886 918 1073 998 necessitas,
1105 935 1176 981 cum
1202 919 1333 983 eluxerit

87 1007 90 1012 ’
185 1022 314 1085 rationis
345 1022 514 1085 auctoritas
537 1039 556 1085 a
578 1021 747 1103 primordio
776 1013 997 1085 recensendae.
1044 1026 1206 1103 acceperat
1227 1021 1331 1087 Adam
1371 1050 1384 1088 s

186 1126 284 1189 adeo
313 1127 417 1208 legem
448 1143 510 1190 non
537 1125 685 1208 gustandi
708 1125 745 1188 de
768 1124 878 1190 arbore
902 1126 1070 1209 agnitionis
1094 1125 1169 1190 boni
1192 1130 1223 1190 et
1246 1127 1331 1206 mali,

186 1230 355 1293 moriturus
380 1230 407 1293 si
429 1233 598 1313 gustasset.
645 1248 757 1294 uerum
780 1233 812 1294 et
833 1230 901 1313 ipse
925 1235 1000 1293 tunc
1023 1230 1055 1293 in
1077 1230 1260 1313 psychicum
1283 1251 1330 1295 re-

187 1354 296 1398 uersus
326 1338 398 1417 post
428 1334 563 1397 ecstasin
593 1335 781 1416 spiritalem,
812 1336 844 1398 in
871 1352 933 1416 qua
955 1353 1107 1418 magnum
1129 1335 1206 1398 illud
1229 1354 1332 1399 sacra-

187 1441 329 1502 mentum
363 1441 395 1502 in
427 1438 589 1503 Christum
623 1442 654 1502 et
689 1439 854 1503 ecclesiam
887 1439 1143 1522 prophetauerat,
1179 1458 1236 1503 neo
1268 1440 1332 1503 iam

187 1544 311 1623 capiens
342 1561 422 1624 quae
453 1546 544 1607 erant
574 1543 718 1625 spiritus,
749 1543 874 1607 facilius
902 1543 1007 1607 uentri
1029 1561 1124 1625 quam
1147 1543 1204 1607 deo
1228 1543 1332 1624 cessit,
1362 1570 1385 1608 ιο

185 1647 300 1730 pabulo
323 1648 427 1729 potins
451 1664 546 1729 quam
569 1650 734 1730 praecepto
759 1648 883 1726 annuit,
916 1648 1050 1711 salutem
1080 1648 1155 1730 gula
1182 1648 1332 1711 uendidit.

122 1834 125 1840 .
186 1751 389 1815 manducauit
412 1751 545 1834 denique
569 1755 601 1816 et
616 1752 718 1834 periit,
742 1752 849 1815 saluus
866 1752 1015 1833 alioquin,
1038 1752 1065 1815 si
1080 1752 1135 1815 uni
1150 1752 1333 1815 arbusculae

185 1857 322 1920 ieiunare
353 1856 533 1931 malnissot;
564 1859 599 1920 ut
629 1856 692 1919 iam
723 1856 796 1919 hino
828 1856 972 1919 animalis
1003 1854 1079 1919 fides
1109 1874 1217 1919 semen
1241 1875 1333 1919 suum

186 1965 388 2044 recognoscat
419 1961 529 2025 exinde
560 1961 716 2025 deducens
739 1962 913 2025 carnalium
937 1960 1164 2043 adpetitionem
1188 1964 1220 2024 et
1243 1961 1333 2043 spiri-

185 2067 296 2130 talium
336 2066 576 2130 reousationem.
640 2069 730 2130 teneo
765 2065 861 2148 igitur
895 2083 913 2128 a
942 2065 1110 2148 primordio
1144 2065 1333 2128 homicidam
1363 2092 1386 2130 15

185 2172 292 2253 gulam
325 2170 490 2235 tormentis
521 2173 615 2251 atque
644 2170 803 2252 suppliciis
827 2169 947 2233 inediae
970 2169 1177 2251 puniendam,
1209 2169 1333 2233 etiamsi

91 2266 96 2272 ’
186 2277 262 2339 deus
293 2275 381 2338 nulla
411 2274 528 2339 ieiunia
557 2274 781 2357 praecepisset.
827 2273 995 2337 ostendens
1027 2275 1148 2353 tamen,
1179 2273 1261 2336 unde
1292 2274 1333 2337 sit

185 2380 304 2443 occisus
328 2379 449 2459 Adam,
479 2379 557 2441 mibi
587 2379 757 2460 reliquerat
786 2378 998 2460 intellegenda
1025 2378 1162 2441 remedia
1185 2377 1332 2458 offensae,

186 2485 240 2565 qui
262 2483 416 2549 offensam
439 2484 678 2547 demonstrarat.
714 2484 795 2546 ultro
816 2482 932 2563 cibum,
956 2481 1188 2564 quibusmodis
1205 2483 1333 2563 quibus-

185 2607 246 2669 que
277 2588 469 2670 temporibus
500 2588 689 2670 potuissem,
722 2605 779 2668 pro
814 2603 934 2651 ueneno
970 2586 1152 2667 deputarem
1188 2589 1218 2650 et
1251 2586 1332 2650 anti·
1359 2613 1384 2651 a

185 2693 295 2755 dotum
310 2692 427 2756 famem
444 2709 612 2771 sumerem,
636 2710 691 2773 per
707 2708 803 2772 quam
818 2708 987 2773 purgarem
1003 2690 1112 2754 mortis
1129 2709 1147 2753 a
1162 2690 1332 2773 primordio

185 2814 314 2859 oausam
342 2796 374 2859 in
405 2815 456 2859 me
486 2813 607 2877 quoque
639 2814 711 2859 cum
737 2796 805 2877 ipso
828 2814 942 2878 genere
967 2796 1197 2874 transductam,
1228 2796 1330 2858 certus

184 2899 244 2963 hoc
267 2901 361 2963 deum
384 2900 466 2963 uelle
489 2900 577 2963 cuius
601 2900 791 2963 contrarium
815 2900 916 2964 noluit
936 2900 1073 2980 satisque
1089 2898 1247 2963 conlidens
1264 2899 1331 2981 pla-

184 3005 316 3068 cituram
340 3005 387 3067 illi
410 3004 619 3068 continentiae
642 3022 761 3084 curam,
786 3022 881 3085 aquo
905 3004 1088 3067 damnatam
1108 3003 1330 3086 comperissem

184 3108 427 3172 incontinentiae
458 3109 592 3191 culpam.
638 3125 744 3189 porro,
776 3127 848 3172 oum
880 3112 911 3172 et
938 3109 1003 3189 ipse
1027 3108 1178 3171 ieiunium
1202 3107 1330 3171 mandet
1357 3134 1383 3172 rs

184 3216 216 3276 et
247 3214 387 3276 animam
417 3216 658 3294 conquassatam
688 3213 810 3294 proprie
841 3213 947 3294 utique
976 3212 1036 3275 eibi
1059 3211 1211 3295 angustiis
1236 3211 1331 3275 sacri-

183 3317 291 3380 ficium
314 3317 461 3398 appellet,
485 3316 555 3398 quis
578 3318 642 3380 iam
666 3316 822 3380 dubitabit
845 3317 987 3380 omnium
1004 3334 1077 3399 erga
1092 3317 1210 3379 uictum
1227 3333 1330 3379 mace-

183 3422 341 3484 rationum
371 3421 452 3485 hano
479 3421 576 3484 fuisse
600 3419 769 3501 rationem,
802 3440 864 3503 qua
886 3440 994 3484 rursus
1018 3420 1182 3484 interdicto
1206 3419 1275 3483 cibo
1299 3422 1330 3483 et

181 3525 348 3590 obseruate
378 3528 545 3608 praecepto
574 3526 774 3608 primordiale
805 3526 868 3589 iarn
899 3526 1047 3589 delictum
1075 3524 1265 3606 expiaretur,
1295 3527 1330 3586 ut

183 3631 278 3694 homo
301 3649 356 3713 per
379 3631 511 3694 eandem
534 3631 701 3694 materiam
724 3648 838 3694 causae
862 3631 937 3693 satis
962 3630 1017 3693 deo
1042 3630 1136 3692 faciat
1158 3646 1327 3711 perquam
1355 3655 1381 3693 ao

183 3734 356 3799 offenderat
386 3735 417 3798 id
449 3738 496 3798 est
525 3754 581 3816 per
611 3735 672 3798 cibi
699 3735 967 3815 interdictionem,
999 3739 1091 3815 atque
1121 3733 1166 3796 ita
1194 3733 1328 3795 salutem

287 3931 554 3999 mmmmm

176 4140 178 4144 ·
228 4112 368 4168 lfirmare
388 4114 453 4169 Soal
505 4114 665 4169 8eostasim
683 4115 710 4167 B
766 4117 798 4168 12
817 4114 897 4183 periit
918 4114 980 4167 Gcl:
998 4113 1068 4181 perit
1086 4114 1113 4166 B
1176 4115 1208 4168 18
1227 4111 1326 4164 intelli-

181 4200 270 4269 genda
290 4200 352 4254 Get:
370 4200 560 4269 intelligendae
578 4201 605 4254 B
675 4205 706 4255 19
726 4200 797 4254 ultro
819 4202 881 4255 Gel:
904 4200 970 4253 ultio
989 4201 1024 4268 B,
1044 4202 1074 4252 ut
1092 4199 1163 4252 ultro
1182 4200 1326 4253 Heraclius

181 4290 216 4343 22
234 4304 278 4339 me
296 4288 361 4342 add.
383 4288 432 4343 Gal
502 4291 536 4343 26
554 4291 736 4341 concassatam
755 4289 782 4341 B
826 4287 905 4341 ·cibi
927 4289 989 4343 Get:
1007 4285 1057 4339 sibi
1076 4288 1103 4342 B
1171 4286 1327 4343 alniacum

185 4376 252 4431 Urs:
270 4374 359 4428 uictus
377 4376 405 4430 B
1390 4373 1391 4376 ’
