3200 5034
270 393 335 457 282
498 394 612 459 Quinti
631 394 770 463 Septimi
790 394 958 449 Plorantis
976 394 1179 449 Tertulliani

270 571 396 653 phylos,
427 573 459 634 et
488 571 611 635 confusi
640 574 714 635 sunt
744 574 776 635 01
808 574 992 635 corruerunt
1022 571 1054 635 in
1084 573 1253 654 conspectu
1276 570 1406 651 Israelis,

271 679 303 739 et
332 679 550 756 processerunt
579 676 641 739 uiri
662 676 761 740 Israel
792 696 828 740 ex
852 675 988 759 Maspha
1011 680 1042 739 01
1063 676 1219 759 persecuti
1242 678 1315 739 sunt
1336 676 1406 739 allo-

270 780 380 862 phylos
411 783 443 843 et
472 799 571 861 usque
597 781 714 845 Bethor
744 781 935 861 ceciderunt,
966 784 1073 864 pastos
1102 780 1246 864 impasti,
1277 782 1405 843 armatos

270 884 416 948 inermes.
463 884 522 948 hae
546 888 637 949 erunt
660 886 742 949 uires
765 885 974 949 ieiunantium
997 886 1063 949 deo.
1107 885 1230 949 caelum
1252 902 1307 967 pro
1330 884 1406 947 eius-

231 1015 244 1052 0
270 988 355 1052 modi
378 989 502 1052 militat.
537 989 634 1053 habes
657 990 793 1054 formam
816 990 963 1072 praesidii
986 989 1082 1054 etiam
1105 986 1297 1071 spiritalibus
1320 986 1405 1051 bellis

270 1093 489 1157 necessariam.
535 1094 663 1176 perinde
694 1112 765 1158 oum
792 1113 846 1159 rex
868 1093 1071 1176 Assyriorum
1094 1092 1304 1158 Sennacherib
1327 1110 1405 1156 com-

270 1198 412 1280 pluribus
443 1198 507 1261 iam
530 1198 710 1263 ciuitatibus
734 1199 833 1281 captis
856 1198 966 1263 Israeli
996 1218 1051 1282 per
1072 1198 1238 1281 Rapsacen
1267 1196 1406 1279 blasphe-

270 1302 349 1365 mias
384 1305 416 1366 01
449 1302 551 1365 minas
581 1302 768 1383 intentaret,
803 1303 883 1369 nihil
913 1302 996 1367 aliud
1026 1303 1116 1367 illum
1146 1319 1165 1365 a
1193 1302 1348 1385 proposito
1376 1302 1406 1364 in

270 1405 454 1489 Aethiopias
488 1408 612 1471 auertit.
669 1407 781 1471 dehinc
811 1407 886 1490 quid
917 1407 1003 1471 aliud
1032 1410 1161 1471 centum
1191 1408 1225 1469 01
1254 1405 1406 1488 octoginta

218 1536 244 1573 ιο
271 1513 405 1592 quatuor
427 1511 515 1575 milia
544 1510 582 1574 de
612 1512 748 1575 exercitu
779 1512 844 1575 eius
867 1531 923 1594 per
946 1512 1094 1594 angelum
1118 1509 1296 1593 absumpsit
1318 1527 1406 1591 quam

269 1615 420 1678 Ezechiae
441 1615 524 1698 regis
547 1616 744 1681 humiliatio?
790 1616 945 1697 siquidem
967 1615 1084 1680 duritia
1105 1614 1206 1679 hostis
1229 1613 1408 1678 adnuntiata

270 1722 392 1782 uestem
415 1720 521 1800 scidit,
549 1737 675 1783 saccum
698 1720 801 1784 induit
825 1721 995 1802 eodemque
1018 1720 1127 1784 habitu
1151 1719 1287 1782 seniores
1311 1736 1406 1781 sacer-

270 1824 379 1887 dotum
405 1824 445 1887 ad
468 1824 562 1887 deum
584 1844 639 1907 per
662 1825 788 1889 Esaiam
813 1825 897 1889 adire
920 1824 1012 1888 iussit
1034 1824 1141 1905 utique
1164 1822 1280 1887 ieiunio
1304 1840 1406 1905 preces

269 1931 485 2010 prosequente.
531 1946 632 2009 neque
663 1929 748 1992 enim
779 1928 843 1992 cibi
873 1932 997 2011 tempus
1026 1928 1059 1991 in
1086 1927 1223 2009 periculo
1246 1930 1406 1991 0000010-

218 2056 243 2095 15
269 2031 371 2095 nitatis
399 2032 503 2097 cultus
533 2033 566 2097 in
596 2050 695 2098 00000.
742 2052 866 2116 semper
895 2033 999 2097 inedia
1028 2032 1178 2095 maeroris
1207 2031 1335 2112 sequela
1363 2033 1407 2095 est

271 2136 350 2200 sicut
379 2137 500 2201 laetitia
529 2138 667 2201 accessio
698 2138 836 2221 saginae.
882 2156 938 2220 per
967 2137 1048 2200 hanc
1078 2135 1228 2199 maeroris
1252 2136 1406 2217 sequelam

270 2243 302 2304 et
331 2241 468 2304 inediam
498 2242 595 2305 etiam
621 2242 731 2305 ciuitas
753 2242 815 2324 illa
830 2240 987 2323 peccatrix
1008 2239 1124 2303 Niniue
1146 2239 1184 2302 de
1208 2239 1301 2303 exitio
1322 2256 1406 2321 prae-

270 2345 371 2409 dicato
400 2345 559 2409 liberatur.
606 2346 683 2409 satis
712 2346 797 2409 enim
820 2345 1013 2428 paenitentia
1036 2345 1189 2407 scelerum
1213 2342 1406 2407 commenda-

173 2529 177 2537 ,
269 2453 359 2513 00001
380 2450 531 2514 ieiunium
554 2450 655 2514 triduo
671 2451 824 2529 functam,
848 2450 944 2513 etiam
960 2448 1131 2531 pecudibus
1147 2447 1276 2529 enectis,
1300 2446 1406 2529 quibus

217 2578 243 2619 so
268 2554 367 2617 iratus
391 2553 467 2618 deus
490 2572 553 2617 non
576 2557 652 2619 erat.
695 2553 829 2618 Sodoma
852 2571 973 2635 quoque
998 2556 1030 2617 01
1052 2551 1204 2617 Gomorra
1227 2552 1405 2629 euasissent,

270 2658 297 2721 si
325 2658 527 2721 ieiunassent.
571 2659 630 2722 hcc
662 2658 838 2723 remedium
868 2656 1009 2741 agnoscit
1039 2659 1072 2720 01
1096 2654 1217 2720 Achab.
1265 2674 1337 2719 cum
1365 2654 1406 2717 illi

268 2765 341 2844 post
363 2762 645 2845 transgressionem
665 2766 698 2826 01
716 2761 925 2826 idololatriam
949 2764 981 2825 01
1003 2778 1113 2825 necem
1127 2759 1298 2824 Nabuthae
1320 2777 1406 2843 prop-

270 2870 318 2929 ter
347 2866 474 2929 uincam
507 2867 687 2948 interempti
714 2884 733 2929 a
762 2865 887 2929 Iezabel
922 2865 1139 2948 exprobrasset
1168 2864 1293 2929 Helias:
1328 2880 1406 2945 qua-

270 2971 356 3034 liter
387 2971 561 3035 occidisti
592 2974 628 3034 01
653 2970 903 3034 hereditatem
926 2969 1150 3052 possedisti:
1180 2970 1216 3032 in
1239 2969 1320 3033 loco
1343 2985 1406 3050 quo

218 3100 243 3139 rs
270 3075 491 3157 sanguinem
508 3073 707 3139 Nabuthae
731 3093 842 3139 canes
866 3074 1117 3154 delinxerant,
1140 3077 1245 3138 tuum
1269 3091 1406 3155 quoque

270 3179 506 3262 delinguent,
531 3179 673 3243 destituit
696 3180 902 3262 semetipsum
926 3182 957 3242 01
979 3196 1105 3243 saccum
1137 3178 1225 3242 carni
1256 3196 1331 3241 suae
1353 3178 1407 3241 inr-

268 3284 372 3365 posuit
395 3287 427 3347 et
448 3284 598 3348 ieiunauit
624 3287 656 3347 et
685 3283 834 3348 dormiuit
863 3283 895 3345 in
928 3300 1026 3347 sacco.
1072 3286 1104 3347 01
1134 3286 1209 3346 tunc
1232 3300 1335 3345 sermo
1358 3282 1407 3344 do-

269 3388 346 3451 mini
375 3388 414 3451 ad
436 3388 577 3452 Heliam:
605 3388 738 3451 uidisti
769 3391 808 3452 01
830 3387 1018 3451 reueritus
1043 3387 1092 3451 sit
1113 3384 1241 3450 Achab
1270 3404 1290 3449 0
1315 3385 1406 3449 facie

270 3511 363 3556 mea:
387 3511 451 3575 pro
475 3510 530 3573 eo,
554 3493 650 3573 quod
671 3492 862 3556 reueritus
886 3494 958 3571 001,
983 3509 1053 3555 non
1077 3491 1407 3573 superducamlae-

374 3666 420 3735 00]
441 3666 532 3734 raeg.
546 3668 587 3729 21,
602 3668 642 3721 19.
696 3664 742 3733 00]
762 3663 827 3717 reru.
841 3665 882 3727 21,
895 3666 937 3719 00.

314 3825 331 3877 3
342 3822 443 3876 Bethor
457 3822 520 3877 (101·
532 3821 667 3875 Bethehar
680 3823 707 3876 Β
760 3823 778 3875 4
790 3822 868 3874 erant
879 3837 953 3889 susp.
971 3819 1097 3877 Oehleras
1151 3821 1167 3873 6
1178 3818 1290 3887 perinde
1302 3819 1408 3888 scripsi:

269 3909 381 3979 proinde
400 3910 427 3963 Β
480 3908 662 3978 compluribus
683 3909 746 3964 (101·
763 3924 826 3961 cum
844 3906 965 3976 pluribus
984 3908 1011 3961 Β
1064 3905 1212 3973 9denique
1230 3908 1295 3974 sort.
1348 3903 1407 3973 quid

271 3996 345 4050 aliud
358 3996 407 4051 del.
423 3996 474 4050 (101
527 3998 554 4049 01
571 3996 635 4050 add.
652 3996 701 4051 (101
756 3998 788 4050 10
807 3993 957 4062 absumpsit
971 3993 1035 4048 (101·
1053 3992 1197 4060 assumpsit
1210 3992 1237 4047 B
1294 3995 1326 4047 15
1344 4008 1407 4045 scm·

269 4100 318 4153 per
335 4084 398 4139 00101
414 4084 465 4138 (101
517 4082 644 4135 maeroris
663 4081 769 4149 sequela
783 4082 847 4137 (101·
865 4080 971 4148 sequela
990 4080 1116 4133 maeroris
1135 4080 1162 4133 Β
1218 4082 1249 4134 17
1269 4079 1308 4147 01]
1326 4078 1354 4133 id
1371 4080 1408 4131 001

270 4174 333 4240 sort.
390 4173 422 4226 18
441 4170 675 4223 commendauerat
696 4172 762 4225 Urs:
781 4168 1010 4222 commendauerit
1027 4170 1054 4221 B
1110 4169 1141 4222 19
1160 4165 1283 4219 functam
1301 4166 1408 4235 scripsi:

271 4258 364 4312 functa
381 4259 409 4312 Β
479 4259 511 4313 21
531 4256 571 4310 illi
592 4257 654 4311 (101·
675 4255 723 4309 illo
741 4257 768 4310 Β
839 4258 872 4309 24
891 4255 919 4308 in
936 4254 994 4307 loco
1013 4270 1064 4323 quc
1083 4252 1145 4321 Ro,
1166 4252 1195 4305 in
1214 4267 1266 4320 quo
1285 4252 1342 4306 loco
1362 4253 1407 4307 (101

272 4347 306 4401 26
325 4344 481 4412 delinquent
501 4345 564 4399 (101·
582 4342 714 4410 dilingent
732 4344 759 4397 Β
816 4358 921 4395 saccum
940 4342 1004 4397 odd.
1026 4341 1075 4395 (101
