3200 5034
595 415 670 470 VIII.
690 416 734 469 De
752 415 917 485 pudicitia
937 419 977 472 19.
1297 416 1360 480 263

216 594 331 655 tatem
361 589 554 655 habebunt
582 592 708 671 istam,
741 595 775 655 et
801 610 862 656 ero
885 591 971 656 illis
994 592 1098 672 deus,
1130 595 1166 657 et
1187 592 1247 655 illi
1270 592 1360 655 mihi

216 697 252 759 in
274 695 393 774 filios,
421 697 453 757 et
475 695 520 759 ita
542 694 749 759 subiunrerit:
780 696 924 761 timidis
948 699 1071 761 autem
1095 700 1130 759 et
1153 696 1358 761 incredulis

177 829 179 834 ·
216 804 252 863 et
273 799 512 882 propudiosis
535 802 572 863 et
593 799 891 865 fornicatoribus
915 804 949 866 et
971 800 1170 865 homicidis
1194 804 1231 865 et
1253 819 1359 864 uene-

215 903 301 966 fiois
332 907 369 967 et
397 903 612 967 idololatris
643 905 832 987 particula
860 905 897 968 in
927 908 1061 988 stagno
1092 904 1191 988 ignis
1222 908 1258 969 et
1287 906 1359 969 sul-

135 1055 137 1058 -
215 1006 360 1090 phuris,
394 1007 489 1088 quod
520 1010 576 1072 est
606 1024 703 1071 mors
734 1009 907 1073 secunda.
965 1010 1009 1073 sic
1039 1011 1070 1071 et
1098 1026 1221 1071 rursus:
1257 1007 1359 1073 beati
1399 1034 1412 1073 s

215 1112 277 1194 qui
308 1130 348 1175 en
377 1112 590 1194 praeceptis
621 1116 751 1195 agunt,
782 1116 823 1177 ut
848 1112 885 1175 in
907 1113 1051 1196 lignum
1074 1113 1173 1176 uitae
1196 1112 1360 1176 habeant

215 1218 445 1298 potestatem
475 1219 511 1280 et
540 1216 578 1279 in
607 1219 735 1298 portas
767 1217 810 1279 ad
841 1217 1107 1281 introeundum
1129 1217 1167 1280 in
1191 1219 1359 1280 sanctam

215 1320 420 1384 ciuitatem.
456 1338 568 1385 canes
591 1321 768 1401 uenefici,
792 1321 1016 1401 fornicator,
1039 1320 1226 1385 homicida
1242 1322 1357 1401 foras,

215 1424 321 1505 utiquo
344 1425 397 1505 qui
428 1442 490 1488 non
521 1443 558 1487 ex
588 1426 761 1508 praeceptis
793 1429 898 1509 agant.
944 1426 1069 1489 illorum
1097 1427 1146 1489 est
1169 1424 1253 1487 enim
1275 1425 1358 1489 foras

215 1528 283 1591 dari
305 1529 358 1610 qui
380 1529 464 1593 intus
487 1529 624 1593 luerunt.
670 1531 809 1593 ceterum
837 1530 922 1611 quid
953 1529 1043 1593 mihi
1073 1548 1150 1608 eos,
1182 1529 1244 1610 qui
1265 1528 1358 1593 foris
1386 1556 1411 1594 1o

215 1635 317 1713 sunt,
348 1632 537 1697 indicare?
567 1637 789 1715 praecesserat.
836 1633 874 1696 de
905 1633 1036 1725 epistola
1065 1651 1187 1715 quoque
1210 1632 1358 1697 Iohannis

215 1739 348 1820 carpunt
375 1738 493 1800 statim.
541 1736 658 1801 dictum
689 1741 750 1801 est:
782 1737 937 1821 sanguis
968 1737 1045 1801 filii
1076 1738 1152 1800 eius
1184 1736 1360 1801 emundat

213 1858 280 1904 nos
313 1840 357 1903 ab
383 1840 487 1904 omni
517 1840 666 1905 delicto.
709 1859 833 1924 semper
865 1860 937 1924 ergo
970 1844 1001 1905 et
1031 1840 1230 1905 omnifariam
1261 1840 1358 1905 delin-

213 1962 362 2025 quemus,
393 1945 421 2007 si
444 1963 568 2027 semper
592 1947 624 2009 et
647 1944 685 2009 ab
710 1945 795 2008 omni
818 1945 930 2010 delicto
954 1945 1105 2010 emundat
1127 1963 1183 2010 nos
1206 1944 1274 2019 ille3
1304 1947 1358 2008 aut

213 2048 326 2113 sinon
349 2067 483 2132 semper,
512 2066 574 2114 non
598 2049 694 2113 etiam
716 2052 789 2132 post
815 2048 920 2130 fidem,
950 2053 981 2115 et
1012 2051 1038 2113 si
1068 2067 1130 2114 non
1162 2048 1201 2112 ab
1233 2048 1356 2129 delicto,
1385 2077 1410 2117 15

214 2171 277 2217 non
309 2152 403 2217 etiam
426 2171 445 2217 a
467 2153 682 2217 fornicatione.
734 2154 817 2218 unde
845 2156 951 2217 autem
982 2171 1108 2218 exorsus
1139 2156 1206 2217 est?
1251 2153 1357 2217 lumen

212 2257 411 2339 praedixerat
437 2257 530 2321 deum
554 2261 586 2322 et
609 2258 755 2323 tenebras
779 2275 843 2322 non
866 2277 935 2323 esse
957 2258 990 2323 in
1013 2258 1066 2323 illo
1090 2261 1121 2323 et
1143 2258 1268 2321 mentiri
1290 2274 1357 2337 nos,

212 2362 240 2426 si
271 2362 411 2426 dieamus
442 2380 498 2426 nos
529 2362 783 2427 communionem
814 2362 929 2427 habere
956 2380 1028 2427 cum
1052 2380 1087 2426 eo
1111 2362 1195 2425 etin
1219 2360 1357 2426 tenebris

211 2467 406 2530 incedamus.
453 2467 483 2530 si
505 2485 607 2548 uero,
638 2466 755 2549 inquit,
785 2468 822 2531 in
845 2467 987 2531 lumine
1010 2467 1241 2546 incedamus,
1265 2484 1357 2529 com-

213 2571 428 2636 munionem
451 2589 533 2635 eum
556 2590 596 2635 eo
618 2570 861 2653 habebimus,
886 2575 921 2635 et
943 2572 1096 2655 sanguis
1115 2571 1200 2635 lesu
1217 2569 1358 2636 Christi
1383 2596 1409 2637 eo

217 2675 358 2739 domini
388 2676 508 2739 nostri
541 2676 716 2740 emundat
745 2695 810 2739 nos
843 2675 885 2740 ab
913 2676 1012 2740 omni
1035 2675 1183 2739 delleto.
1229 2692 1301 2758 ergo
1324 2675 1356 2738 in

211 2780 331 2843 lumine
353 2779 534 2844 incedentes
554 2779 765 2861 delinquimus
781 2780 862 2843 etin
877 2779 997 2843 lumine
1013 2780 1228 2860 delinquentes
1245 2798 1355 2843 emun-

212 2880 381 2947 dabimur?
426 2885 512 2948 nullo
541 2887 642 2966 pacto.
689 2884 742 2965 qui
772 2884 856 2947 enim
886 2884 1051 2965 delinquit,
1082 2901 1144 2947 non
1174 2883 1207 2946 in
1236 2882 1356 2947 lumine

213 2990 273 3066 est,
297 2987 351 3050 sed
373 2987 406 3051 in
429 2986 576 3051 tenebris.
611 2989 694 3051 unde
717 2991 749 3052 et
770 2988 916 3069 ostendit
940 2988 1095 3069 quomodo
1116 2986 1356 3052 emundabimur

215 3110 235 3155 a
257 3091 369 3155 delicto
392 3090 425 3155 in
447 3091 567 3156 lumIne
588 3092 778 3172 incedentes,
801 3092 834 3155 in
858 3110 917 3175 quo
934 3092 1084 3156 delictum
1100 3092 1150 3175 agi
1166 3110 1228 3156 non
1242 3094 1354 3173 potest.
1382 3118 1408 3159 m

213 3214 234 3259 a
256 3195 313 3259 deo
337 3195 382 3259 sic
405 3181 569 3260 emundari
591 3214 648 3260 nos
672 3196 725 3276 ait,
748 3216 811 3260 non
835 3197 925 3278 quasi
947 3197 1177 3279 delinquamus,
1208 3196 1262 3261 sed
1285 3197 1357 3277 quia

213 3318 277 3363 non
308 3299 536 3381 delinquamus.
582 3300 763 3365 incedentes
795 3302 878 3364 enim
902 3301 934 3364 in
957 3300 1091 3381 lumine,
1122 3300 1259 3365 tenebris
1283 3319 1356 3364 uero

213 3419 278 3472 non
301 3404 579 3484 communicantes,
603 3405 765 3468 emundati
787 3423 928 3488 agemus,
955 3423 1017 3469 non
1040 3404 1192 3487 deposito,
1216 3404 1271 3467 sed
1294 3422 1356 3468 non

213 3507 352 3571 admisso
383 3507 506 3572 delicto.
559 3507 636 3572 haec
666 3512 716 3572 est
745 3508 830 3572 enim
860 3509 907 3572 nis
939 3508 1084 3574 dominici
1114 3508 1289 3591 sanguinis,
1320 3511 1355 3572 ut

213 3628 292 3693 quos
322 3611 386 3675 iam
409 3630 429 3675 a
450 3611 562 3676 delicto
585 3612 745 3677 mundarit
767 3616 799 3677 et
822 3613 930 3677 exinde
952 3613 986 3676 in
1007 3613 1126 3677 lumine
1149 3612 1354 3693 eonst'tuerit,
1381 3639 1407 3678 eo

318 3819 345 3888 5]
358 3817 577 3889 Apoc.22,14sq.
615 3819 837 3889 lollcor.5,12.
875 3819 1016 3888 12]1Ioh.
1028 3821 1051 3884 1,
1062 3823 1085 3875 7.
1124 3818 1354 3888 19]ibid.1,5sq.

257 4011 275 4063 4
291 4009 422 4078 particula
439 4009 468 4063 in
488 4010 551 4065 Gel:
568 4009 729 4078 particulam
746 4010 774 4064 Β
845 4013 862 4066 8
880 4026 957 4064 canes
975 4010 1087 4064 uenefici
1105 4010 1166 4078 BG,
1185 4010 1257 4064 canis
1275 4026 1354 4064 uene-

212 4096 280 4149 ficus
301 4097 351 4152 Gel
419 4096 554 4151 homicida
573 4099 637 4153 cer.-
658 4096 807 4150 homIeidae
825 4098 853 4152 Β
923 4100 988 4152 9ex
1006 4099 1069 4152 odd.
1091 4099 1140 4153 cer
1216 4100 1248 4153 13
1272 4096 1355 4151 delin-

213 4199 326 4251 quemus
337 4185 400 4238 coz:
412 4183 592 4251 delinquimus
601 4185 628 4238 Β
678 4186 709 4239 14
723 4183 851 4238 emundat
864 4199 911 4237 nos
923 4185 985 4239 Get:
998 4183 1182 4237 emundandus
1192 4185 1219 4238 Β
1268 4186 1299 4239 16
1312 4201 1354 4236 err-

213 4286 289 4322 orsus
317 4269 375 4323 est?
405 4268 498 4323 lumen
526 4271 589 4325 (ἱεῖς
619 4286 740 4323 exorsum
767 4274 808 4324 est
834 4269 926 4323 lumen
953 4272 981 4325 Β
1069 4273 1102 4325 25
1130 4287 1183 4324 non
1210 4272 1274 4325 odd.
1305 4271 1355 4325 coz

214 4359 249 4411 26
267 4356 332 4409 adeo
352 4357 402 4411 Get
455 4357 530 4425 quasi
547 4358 583 4426 B,
601 4372 653 4425 qua
671 4358 742 4412 Pam
794 4357 857 4425 quia
875 4359 910 4425 B,
930 4374 981 4425 qua
1000 4359 1070 4413 Pom
1129 4359 1163 4416 30
1182 4374 1197 4412 a
1214 4358 1278 4413 odo.
1297 4358 1354 4415 Lot
