3200 5034
553 481 629 536 VIII.
648 482 693 536 Da
709 481 874 551 pudicitia
891 484 968 537 4-5.
985 482 988 487 ’
1267 482 1330 547 227

156 726 160 731 ,
190 658 328 723 rentium
361 676 487 740 corpore
521 654 663 737 diuellat,
697 657 735 721 de
764 658 940 721 uicinorum
969 658 1137 723 criminum
1166 676 1261 739 nexu,
1296 659 1333 722 de

191 764 435 846 propinquorum
465 764 618 827 scelerum
646 763 824 845 complexu,
855 765 890 826 ut
913 763 1013 827 solam
1036 782 1105 828 earn
1129 767 1272 828 secernat
1294 764 1333 827 ad

190 868 402 949 paenitentiae
424 867 584 931 fructum?
618 885 721 931 nonne
743 867 817 931 hinc
837 866 1020 948 idololatria,
1043 867 1115 931 inde
1130 868 1333 932 homicidium

191 971 377 1037 detinebunt
399 975 439 1053 et,
456 972 483 1035 si
498 990 561 1053 qua
575 990 635 1035 uer
650 971 754 1051 fuerIt,
778 971 1005 1051 reclamabunt,
1029 976 1135 1037 noster
1150 973 1200 1037 hic
1216 990 1332 1037 cuneus

193 1080 254 1158 est,
289 1084 396 1141 nestra
429 1078 602 1160 compago?
652 1076 690 1140 ab
727 1076 901 1140 idololatria
930 1076 1106 1157 initiamur,
1139 1078 1193 1141 illa
1223 1077 1334 1141 distin·
1373 1103 1386 1142 s

192 1184 307 1265 guenta
337 1181 569 1265 coniungimur,
598 1181 644 1244 illi
674 1181 711 1244 de
741 1180 845 1244 medie
869 1180 1017 1243 emicanti
1041 1180 1229 1251 adunamur:
1260 1199 1334 1246 con·

192 1286 370 1369 corporauit
399 1304 455 1350 nos
486 1286 640 1367 scriptura
670 1284 787 1365 diuina,
818 1285 942 1349 litterae
973 1285 1059 1367 ipsae
1082 1286 1205 1368 glutIna
1227 1290 1335 1350 nostra

193 1394 280 1471 sunt,
314 1391 379 1453 iam
408 1408 466 1454 nec
496 1390 564 1473 ipsa
593 1391 661 1453 siue
690 1389 780 1453 nobis
812 1392 925 1472 potest.
987 1408 1044 1473 ego
1079 1390 1205 1473 quidem
1238 1390 1335 1455 idolo·

192 1496 285 1559 latria
307 1494 491 1577 saepissime
515 1494 675 1558 moechiae
694 1496 890 1558 occasionem
906 1494 1120 1559 subministro.
1155 1495 1258 1559 sciunt
1272 1495 1336 1558 luci

193 1600 256 1662 mei
278 1602 309 1662 et
331 1599 392 1662 mei
414 1600 548 1677 mentes,
572 1602 603 1661 et
625 1598 717 1661 uiuae
741 1616 839 1680 aquae
861 1598 991 1681 ipsaque
1013 1600 1046 1663 in
1068 1599 1198 1663 urbibus
1218 1600 1337 1681 templa
1362 1624 1388 1663 ιο

194 1706 348 1785 quantum
377 1702 564 1767 auertendae
594 1702 763 1785 pudicitiae
789 1720 964 1784 procurem.
1010 1720 1068 1786 ego
1091 1721 1212 1786 quoque
1236 1703 1336 1767 homi-

193 1807 312 1870 cidium
327 1824 574 1895 nonnumquam·
586 1806 746 1870 moechiae
766 1805 900 1870 elaboro.
936 1810 971 1869 ut
990 1807 1166 1889 tragoedias
1183 1808 1335 1888 omittam,

194 1912 298 1975 sciunt
320 1911 411 1975 hodie
433 1912 604 1991 uenenarii,
635 1911 740 1974 solunt
768 1911 864 1993 magi,
895 1915 973 1991 quot
1001 1911 1166 1993 pellicatus
1194 1912 1336 1992 ulciscar,

194 2019 272 2097 quot
292 2014 466 2078 riualitates
490 2014 667 2095 defendam,
691 2018 767 2097 quot
788 2013 945 2093 custodes,
969 2018 1044 2096 quot
1067 2014 1231 2095 delatores,
1262 2019 1337 2097 quot

194 2119 335 2184 conscios
359 2118 509 2183 auferam.
548 2119 653 2183 sciunt
676 2118 772 2182 etiam
795 2117 990 2197 obstetrices,
1014 2125 1089 2200 quot
1111 2118 1245 2183 adulteri
1265 2138 1337 2183 eon·
1365 2143 1389 2181 rs

194 2226 304 2306 captus
335 2222 537 2287 trucidentur.
577 2223 672 2287 etiam
702 2222 786 2305 apud
810 2220 1003 2285 Christianos
1033 2238 1096 2285 non
1127 2225 1174 2286 est
1197 2224 1338 2287 moechia

195 2328 264 2391 sine
286 2325 386 2391 nobis.
425 2326 543 2391 ibidem
565 2330 640 2391 sunt
662 2326 866 2406 idololatriae,
889 2325 944 2389 ubi
967 2326 1123 2390 immundi
1143 2327 1272 2409 spirltus
1288 2346 1337 2390 res

196 2436 260 2506 est3
291 2430 407 2495 ibidem
438 2434 486 2495 cst
517 2434 549 2495 ct
578 2430 792 2510 homicidIum,
823 2428 877 2493 ubi
906 2430 1010 2509 homo,
1043 2448 1116 2495 cum
1146 2430 1338 2512 inquinatur,
1437 2473 1440 2479 ·

196 2535 356 2600 occiditur.
394 2535 491 2619 igitur
521 2537 577 2599 aut
605 2553 663 2599 nec
693 2534 756 2599 illis
787 2537 842 2598 aut
873 2534 969 2598 etiam
1003 2533 1093 2597 nobis
1127 2534 1338 2617 paenitentiae

196 2640 339 2704 subsidia
360 2640 556 2705 conueniant.
596 2642 652 2702 aut
674 2638 853 2703 detInemus
877 2656 958 2718 eam,
981 2641 1036 2702 aut
1052 2639 1223 2720 sequimur.
1261 2640 1339 2703 haec
1365 2664 1391 2701 20

195 2743 284 2827 ipsae
306 2763 356 2808 res
379 2745 557 2825 loquuntur.
597 2743 625 2806 si
647 2761 697 2805 res
720 2760 796 2806 uoce
820 2738 978 2822 deficiunt,
1000 2742 1127 2806 adsistit
1149 2742 1338 2822 idololatres,

197 2849 322 2913 adsistit
343 2848 509 2928 homicida,
532 2848 564 2911 in
587 2847 690 2912 medio
714 2864 821 2911 eorum
846 2846 971 2910 adsistit
987 2850 1017 2909 et
1032 2846 1190 2911 moechus.
1222 2848 1340 2928 pariter
1388 2908 1391 2922 ,

196 2953 236 3017 de
263 2952 472 3035 paenitentiae
495 2951 596 3015 officio
620 2952 740 3031 sedent,
763 2952 795 3013 ln
819 2968 908 3014 sacco
932 2954 964 3015 et
987 2951 1089 3013 emere
1112 2952 1339 3031 inhorrescunt,
1389 2925 1391 2958 ⁴

196 3056 306 3121 eodem
336 3056 412 3121 fletu
440 3056 667 3139 ingemiscunt,
703 3056 822 3119 elsdem
853 3055 998 3137 precibus
1029 3056 1187 3136 ambiunt,
1222 3055 1340 3121 eisdem

195 3160 329 3245 genibus
360 3162 498 3241 exorant,
530 3161 661 3224 eandem
690 3160 840 3224 inuocant
867 3162 1011 3223 matrem.
1050 3159 1124 3241 quid
1155 3160 1231 3243 agis,
1262 3161 1341 3224 mol·
1367 3183 1393 3223 sa

196 3265 320 3329 lissIma
343 3268 374 3329 et
396 3264 626 3329 humanissima
649 3264 833 3346 disciplina?
872 3267 927 3328 aut
953 3263 1098 3328 omnibus
1123 3264 1167 3327 eis
1190 3265 1249 3328 hcc
1272 3284 1340 3328 esse

197 3368 339 3449 debebis
367 3368 470 3432 beati
493 3368 591 3433 enim
613 3368 782 3451 pacifici,
816 3370 879 3447 aut,
911 3368 938 3430 si
961 3386 1023 3431 non
1047 3367 1203 3448 omnibus,
1234 3373 1342 3433 nostra

197 3492 277 3537 esse.
316 3472 501 3564 idololatren
532 3472 659 3554 quidem
690 3475 722 3536 et
751 3471 941 3535 homicidam
966 3473 1065 3535 semel
1087 3473 1229 3552 damnas,
1257 3492 1342 3537 moe-

197 3578 293 3641 chum
316 3594 391 3641 uero
414 3575 451 3639 de
474 3576 578 3641 medio
600 3576 738 3659 excipis?
776 3576 959 3640 idololatrae
987 3594 1211 3657 successorem,
1241 3577 1342 3640 homi-

290 3748 349 3817 ns]
367 3748 465 3802 uasa.
478 3751 502 3812 5,
516 3750 540 3803 e.

242 3907 376 3973 4110113,
395 3906 436 3958 uis
453 3905 613 3961 Oiaccouius
666 3908 681 3960 5
701 3904 840 3959 initiamur
858 3905 970 3973 scripsi:
987 3904 1136 3959 inuitamur
1155 3905 1190 3971 B,
1210 3908 1342 3958 metamur

200 3992 252 4047 Gal
324 3992 508 4047 6adunamur
525 3992 595 4047 Lat:
613 3991 755 4045 adulamur
773 3994 800 4045 B
873 3993 903 4047 11
926 4007 1065 4059 procurem
1088 3992 1262 4047 Oiaccoua'us:
1282 4009 1343 4061 pro-

199 4094 324 4132 curemus
341 4079 369 4133 B
423 4081 454 4133 12
473 4079 607 4132 moechiae
625 4078 730 4132 elaboro
748 4080 818 4149 atq.-
836 4079 957 4132 moechia
975 4078 1080 4133 elaboro
1099 4080 1134 4147 B,
1153 4079 1287 4132 moechiae
1305 4080 1343 4133 la-

198 4164 265 4218 boro
282 4165 442 4221 Oiaccouius
495 4168 528 4221 13
545 4165 682 4218 uenenarii
696 4165 760 4219 aar:
777 4166 910 4219 uenerarii
922 4168 950 4219 B
1004 4168 1036 4221 13
1048 4184 1085 4235 sq.
1100 4168 1165 4233 quot
1182 4168 1344 4235 quinquiens

199 4251 543 4322 tamquamtamqnuam
561 4254 588 4306 B
642 4255 675 4308 19
694 4252 734 4305 illi
751 4255 816 4321 fert.
871 4255 903 4307 21
928 4254 1000 4321 ipsae
1023 4269 1064 4305 res
1091 4255 1157 4309 Urs:
1183 4253 1235 4321 ipsi
1257 4254 1295 4306 rei
1317 4255 1344 4307 B

200 4341 235 4393 23
253 4337 348 4391 sedent
368 4340 431 4393 cer.-
448 4339 537 4391 sedere
555 4341 591 4407 B,
609 4338 731 4392 sedentes
754 4341 806 4394 Urs
868 4342 902 4395 24
920 4340 985 4393 flatu
1006 4340 1056 4394 Get
1114 4340 1294 4407 ingemiscunt
1316 4341 1345 4409 0,

200 4424 353 4501 gemiscunt
370 4426 398 4479 B
454 4428 489 4481 28
507 4424 675 4479 idololatram
694 4428 721 4480 B
1227 4412 1230 4419 ⁴

1141 4516 1189 4566 lb*
