3200 5034
254 405 319 470 200
505 405 536 471 Q.
554 405 580 460 S.
600 406 629 461 F.
649 405 852 459 Tertulliani
876 406 920 459 De
945 406 1093 460 cretione
1116 409 1158 463 29.

255 584 364 646 nestra
392 582 542 646 aduersus
573 582 711 662 hostem,
742 582 796 664 qui
826 598 884 646 nos
914 582 1052 663 undique
1083 581 1240 647 obseruet.
1295 582 1399 665 itaque

255 704 427 767 numquam
453 686 590 751 inermes
620 687 813 751 incedamus,
874 686 924 750 die
958 686 1118 767 stationis,
1152 690 1244 751 nocte
1274 688 1399 771 uigiliee

254 790 502 855 meminerimus.
549 790 606 854 sub
631 792 727 855 ermis
755 791 903 856 orationis
931 792 1057 874 signum
1080 791 1179 855 nostri
1202 791 1398 874 imperaturis

255 894 482 974 custodiemus,
510 894 621 959 tubam
648 896 752 979 angeli
779 899 978 978 expectemus
1007 898 1141 960 erentes.
1188 899 1279 960 orent
1305 896 1398 960 etiem

203 1024 216 1064 ⁵
256 999 507 1081 angelomum,
530 1003 599 1063 crat
622 1000 724 1064 omnis
748 1003 905 1080 creature,
934 1003 1026 1064 crant
1047 999 1183 1082 pecudes
1207 1002 1240 1063 ct
1261 1000 1346 1063 ferae
1369 1004 1399 1063 et

256 1120 359 1186 genua
389 1103 548 1167 declinent
579 1107 610 1167 et
640 1105 835 1187 egredientes
867 1104 904 1167 de
939 1103 1071 1169 stabulis
1106 1122 1142 1167 ac
1174 1103 1331 1186 speluncis
1362 1104 1399 1167 ed

256 1207 378 1271 caelum
401 1224 463 1271 non
486 1208 584 1272 cticsc
607 1226 659 1272 cre
683 1209 859 1291 suspiciunt
882 1208 1043 1273 uibrantes
1064 1208 1208 1289 spiritum
1230 1226 1285 1272 suc
1303 1226 1398 1272 more.

257 1311 313 1374 sed
336 1315 367 1375 et
394 1329 468 1375 eues
496 1330 590 1376 mane
618 1316 803 1395 exurgentes
832 1314 995 1397 eriguntur
1018 1312 1057 1377 ad
1080 1314 1202 1376 caelum
1225 1315 1257 1376 et
1279 1313 1400 1376 elerum

256 1434 382 1479 crucem
403 1434 459 1498 pro
486 1416 633 1480 manibus
661 1417 841 1499 expendunt
869 1421 900 1481 et
927 1418 1035 1481 dicunt
1058 1416 1175 1499 aliquid
1199 1416 1282 1499 qued
1305 1416 1400 1481 cretio

205 1547 230 1585 ιο
256 1520 409 1584 uideatur.
456 1520 531 1601 quid
554 1539 627 1605 erge
650 1522 786 1603 emplius
810 1521 847 1585 de
871 1521 973 1585 officie
997 1521 1168 1586 cretionis?
1214 1520 1309 1585 etiem
1333 1521 1400 1603 ipse

258 1623 403 1689 dominus
426 1625 537 1705 creuit,
562 1626 611 1688 cui
634 1626 676 1689 sit
697 1626 796 1689 honor
817 1629 849 1690 et
870 1626 970 1689 uirtus
993 1627 1025 1689 in
1049 1626 1175 1689 saecula
1195 1626 1399 1689 saeculorum.

302 1808 440 1869 lhostem
457 1832 491 1869 c:
508 1814 645 1867 hominem
662 1814 692 1868 D
745 1817 917 1883 2nunquem
934 1816 965 1869 D
1023 1814 1173 1867 incidemus
1191 1815 1221 1868 D
1282 1814 1401 1869 lotiosc

258 1901 444 1955 Mecrctorc‘us:
461 1900 540 1953 otiosi
557 1902 588 1955 D
644 1900 794 1969 suspiciunt
812 1902 999 1956 erctere'us:
1017 1900 1167 1969 suscipiunt
1185 1902 1214 1955 D
1276 1900 1402 1969 spiritum

258 2003 305 2040 suc
324 2004 397 2040 more
415 2006 447 2043 x:
465 1990 516 2056 spii
534 2004 581 2041 suc
600 2004 707 2041 mouere
725 1990 754 2042 D
808 1992 824 2045 8
843 2005 920 2041 mane
938 1990 1050 2057 scripsi:
1068 2004 1138 2041 nunc
1157 1989 1194 2055 D,
1213 1988 1276 2042 nido
1294 2006 1322 2057 x,
1341 2004 1402 2040 cum

258 2076 331 2129 alius
348 2076 394 2129 cir
411 2076 505 2131 dectus
523 2076 606 2141 (idem
618 2078 645 2128 et
661 2082 723 2130 ante
742 2074 923 2143 dicuntum),
943 2075 1005 2129 hinc
1023 2076 1095 2130 alius
1113 2076 1159 2129 uir
1177 2076 1271 2131 doetus
1323 2078 1339 2130 9
1358 2090 1401 2127 ex-

258 2161 374 2215 tendunt
391 2163 564 2218 Muraterius
