3200 5034
573 449 604 502 X.
625 449 669 501 De
687 449 794 502 anima
812 451 923 504 23-24.
1256 449 1318 514 337

217 620 269 686 24.
293 622 401 686 Primo
432 623 559 705 quidem
590 624 755 688 obliuionis
779 643 926 706 capacem
951 625 1088 689 animam
1113 643 1176 688 non
1199 626 1319 706 cedam,

174 728 247 808 quia
270 731 393 792 tantam
416 728 463 792 illi
486 728 642 792 concessit
664 729 875 809 diuinitatem,
897 731 932 793 ut
956 730 1012 793 deo
1037 730 1236 811 adaequetur.
1272 731 1320 793 in-

174 836 283 896 natam
313 850 383 896 eam
414 833 503 913 facit,
536 834 618 915 quod
647 837 678 897 et
701 835 803 898 solum
829 851 949 898 armare
973 834 1145 916 potuissem
1170 835 1320 898 1113311-

175 937 316 1000 monium
338 938 449 1017 plenae
474 938 662 1012 diuinitatis;
685 938 780 1004 adicit
795 939 1017 1018 immortalem,
1040 938 1319 1020 incorruptibilem,

173 1042 409 1124 incorporalem,
434 1042 506 1124 quia
529 1042 588 1106 hoc
612 1043 753 1106 eldeum
774 1042 914 1123 credidit,
937 1042 1142 1122 inuisibilem,
1165 1042 1319 1124 113111113-
1360 1070 1372 1107 s

173 1145 281 1225 bilem,
296 1146 496 1226 uniformem,
516 1147 732 1229 principalem,
748 1147 945 1227 rationalem,
962 1146 1222 1220 intellectualem
1246 1147 1320 1228 quid

174 1250 309 1332 amplius
333 1250 542 1332 proscriberet
565 1251 716 1331 animam,
740 1252 766 1314 si
790 1269 860 1314 eam
884 1251 977 1314 deum
1001 1253 1216 1332 nuncuparet?
1262 1267 1319 1314 nos

174 1358 290 1434 autern,
315 1355 367 1437 qui
390 1356 467 1419 nihil
491 1355 548 1418 deo
572 1356 788 1439 adpendimus,
812 1356 870 1419 hoc
888 1356 955 1437 ipso
973 1355 1112 1419 animam
1128 1355 1222 1437 longe
1238 1355 1320 1418 inira

174 1459 268 1522 deum
292 1459 507 1542 expendimus,
531 1461 614 1542 quod
636 1464 746 1524 natam
770 1478 840 1524 eam
861 1460 1062 1542 agnoscimus
1079 1477 1114 1522 ac
1129 1479 1184 1540 per
1199 1460 1258 1523 hoc
1274 1460 1319 1524 di-

173 1564 294 1626 lutioris
318 1564 490 1628 diuinitatis
515 1569 545 1628 et
569 1564 703 1629 exilioris
726 1565 895 1644 felicitatis,
920 1568 956 1628 ut
977 1563 1099 1643 flatum,
1123 1580 1185 1626 non
1205 1567 1241 1627 ut
1256 1564 1319 1646 spi·
1346 1591 1372 1630 ιο

172 1669 282 1748 ritum,
314 1672 345 1732 et
368 1668 395 1732 si
418 1669 645 1749 immortalem,
676 1672 712 1733 ut
734 1670 793 1733 hoc
817 1669 859 1732 sit
881 1668 1066 1748 diuinitatis,
1090 1671 1196 1731 tamen
1220 1669 1319 1750 passi-

171 1771 280 1852 bilem,
296 1776 332 1836 (11
346 1773 406 1837 hoc
422 1773 462 1837 sit
477 1773 661 1854 natiuitatis,
677 1773 808 1855 ideoque
824 1777 856 1836 et
872 1773 1070 1856 aprimordio
1087 1772 1319 1836 exorbitationis

173 1893 321 1958 capacem
351 1880 390 1940 et·
413 1877 484 1940 inde
508 1878 603 1941 etiam
626 1878 793 1942 obliuionis
818 1878 956 1941 affinem.
1002 1877 1079 1940 satis
1104 1877 1140 1939 de
1163 1877 1224 1940 isto
1247 1895 1318 1939 oum

171 1979 382 2063 Hermogene.
428 1985 566 2044 ceterum
598 2000 693 2063 quae,
723 1985 760 2046 ut
789 1981 898 2045 haberi
928 1982 1040 2045 merito
1067 1981 1167 2063 possit
1191 2000 1226 2043 ex
1249 1999 1319 2062 per-

172 2085 357 2165 aequatione
388 2086 531 2149 omnium
561 2085 791 2169 proprietatum
822 2087 913 2166 deus,
944 2086 1022 2149 nulli
1052 2085 1191 2166 passioni
1214 2084 1318 2148 subia-
1346 2112 1372 2151 1⁵

175 2188 272 2268 cebit,
300 2189 343 2252 ita
366 2208 423 2253 nec
447 2189 610 2271 obliuioni,
634 2208 706 2253 cum
728 2193 818 2254 tanta
841 2191 882 2253 sit
905 2190 1019 2254 iniuria
1040 2187 1043 2273 l
1064 2188 1179 2253 obliuio
1203 2193 1320 2270 quanta

172 2296 222 2356 est
251 2292 352 2375 gloria
382 2294 464 2374 eiua,
496 2293 584 2357 ouius
610 2294 724 2358 iniuria
747 2298 805 2375 est,
830 2295 981 2358 memoria
1005 2294 1138 2374 scilicet,
1169 2311 1264 2374 quam
1288 2297 1319 2356 et

170 2397 239 2479 ipse
255 2397 346 2462 Plato
363 2417 513 2462 sensuum
530 2402 561 2462 31
576 2399 795 2463 intellectuum
812 2400 948 2462 salutern
965 2401 996 2461 et
1012 2398 1118 2462 Cicero
1134 2399 1315 2461 thesaurum

171 2501 314 2577 omnium
337 2503 512 2566 studiorum
535 2503 738 2585 praedicauit.
770 2521 828 2567 nec
850 2503 909 2566 hoc
932 2505 995 2566 iam
1019 2503 1050 2565 in
1074 2502 1203 2565 dubium
1221 2501 1317 2564 dedu-

171 2611 270 2687 cetur,
302 2626 341 2671 an
365 2611 431 2671 tam
454 2608 561 2671 diuina
584 2609 689 2672 anima
712 2608 898 2672 memoriam
921 2607 1059 2689 potuerit
1081 2608 1237 2685 amittere,
1262 2607 1316 2669 sed
1344 2633 1369 2671 11

171 2729 213 2774 31
243 2729 338 2793 quam
369 2713 509 2777 amiserit
538 2731 720 2796 recuperare
752 2714 853 2776 denuo
883 2712 992 2794 possit.
1039 2728 1127 2792 quae
1147 2710 1230 2774 enirn
1255 2728 1316 2773 non

171 2815 280 2879 debuit
303 2816 456 2897 obliuisci,
488 2818 515 2880 si
538 2817 636 2881 oblita
659 2818 710 2898 sit,
741 2818 846 2880 nescio
870 2835 909 2879 an
933 2816 1038 2880 ualeat
1061 2815 1225 2878 recordari.
1273 2815 1317 2877 ita

170 2925 339 3003 utrumque
370 2940 459 2986 meae
490 2922 628 3002 animae,
663 2940 726 2985 non
756 2922 937 2985 Platonicae
968 2924 1127 3004 congruet.
1181 2919 1316 2982 secundo

170 3026 270 3108 gradu
293 3044 463 3109 opponam:
487 3030 600 3090 natura
623 3029 800 3110 compotem
825 3026 963 3090 animam
986 3025 1064 3089 iacis
1087 3025 1228 3088 idearum
1248 3024 1317 3086 illa-

169 3149 252 3210 rum,
275 3148 315 3194 an
339 3134 423 3194 non?
458 3131 555 3195 immo
578 3135 701 3211 natura,
725 3131 839 3213 inquis.
877 3147 968 3194 nemo
993 3147 1066 3213 ergo
1090 3129 1238 3193 concedet
1261 3146 1317 3191 na·
1344 3155 1369 3194 11

171 3235 306 3298 turalem
341 3235 505 3299 scientiam
536 3235 728 3299 naturalium
759 3234 898 3298 excidere
928 3234 1053 3298 artium.
1100 3233 1220 3296 excidet
1251 3236 1316 3308 stu-

170 3339 304 3419 diomm,
328 3339 449 3403 excidet
471 3340 691 3419 doctrinarum,
716 3339 968 3422 disciplinarum;
993 3337 1111 3400 excidet
1133 3337 1266 3400 fortasse
1286 3339 1317 3398 et

276 3529 320 3598 18]
337 3528 407 3581 Ρ131.
421 3527 524 3582 Phileb.
538 3545 563 3596 p.
578 3528 652 3584 341.
707 3528 761 3582 Cic.
776 3527 809 3580 de
828 3542 864 3581 or.
879 3527 892 3579 Ι
911 3530 991 3592 5,18.

216 3706 228 3758 l
257 3702 442 3756 ADVERSVS
465 3701 643 3755 PLATONIS
670 3701 779 3770 μαθήσεις
803 3700 841 3751 καὶ
863 3699 999 3769 ἀναμνήσεις
1023 3702 1050 3754 A
1078 3700 1185 3769 (praeca
1208 3718 1240 3754 oo,
1264 3717 1314 3755 reo.

170 3790 248 3856 add.)
265 3790 300 3859 B,
319 3788 504 3843 ADVERSVS
523 3787 701 3842 PLATONIS
720 3786 974 3842 ARGVMENTVM
988 3785 1083 3852 QVOD
1103 3783 1315 3840 DISOENTIAS

169 3875 475 3931 REMINISCENTIAS
494 3874 603 3929 DICAT
624 3876 675 3930 Get
728 3875 975 3943 2congessithp
1028 3872 1198 3927 laodicitB
1246 3873 1315 3927 bin·

169 3963 305 4017 uisibilem
323 3982 374 4019 om.
394 3964 421 4017 A
492 3966 587 4018 ‘lenm
606 3965 634 4017 A
652 3980 719 4018 corr.
792 3961 1004 4030 8appendimus
1023 3963 1050 4014 Β
1122 3963 1155 4014 10
1173 3963 1200 4012 ct
1218 3978 1267 4014 om.
1287 3962 1314 4014 B

171 4054 201 4106 ll
227 4050 415 4114 immortalem,
438 4052 469 4103 ut
491 4050 541 4102 hoc
565 4050 601 4102 sit
623 4049 784 4111 diuinitatis
808 4051 899 4100 tamen
925 4050 988 4102 oet.-
1009 4045 1188 4101 immortalem
1213 4047 1315 4115 [tamen

168 4137 335 4207 passibilem]
354 4140 385 4190 ut
402 4137 452 4189 hoo
471 4137 506 4190 sit
525 4136 687 4189 diuinitatis:
705 4137 741 4188 Et
759 4151 820 4188 cum
840 4135 1028 4198 immortalem,
1047 4137 1138 4187 tamen
1151 4136 1186 4202 B,
1205 4134 1314 4186 immor-

168 4224 253 4277 talem
271 4228 363 4277 tamen
387 4225 414 4278 A
486 4226 518 4277 13
538 4240 599 4276 cum
617 4224 785 4290 hermogene,
806 4221 873 4276 Cum
893 4237 1040 4289 ermogene,
1066 4223 1093 4276 A
1165 4224 1198 4276 lo
1215 4220 1265 4288 ita]
1285 4237 1315 4273 ea

166 4316 234 4381 fort.
283 4311 479 4381 iniuriaequ
528 4314 560 4365 18
573 4310 853 4365 intellectuonorr.
905 4313 936 4364 19
949 4310 1006 4362 Nec
1018 4326 1051 4363 113
1064 4309 1154 4362 hocA
1201 4308 1314 4363 213111-

168 4400 252 4453 sit-A
305 4401 339 4453 22
358 4398 397 4451 ita
414 4417 465 4454 om.
484 4400 512 4453 A
566 4401 598 4453 27
618 4398 740 4452 excident
758 4397 871 4450 fortasse
890 4399 917 4451 B

221 4495 368 4536 11111111.
1124 4486 1157 4533 22
