3200 5034
307 444 371 508 272
539 443 652 509 Quinti
672 444 810 511 Septimi
829 442 994 496 Florentia
1013 442 1213 496 Tertulliani

307 620 446 683 decernit
478 620 607 683 incesto.
647 619 782 683 sufficiat
816 619 946 700 martyri
980 618 1106 701 propria
1140 617 1252 679 delicta
1285 632 1444 699 purgasse.

306 724 421 806 ingrati
450 724 501 787 uel
532 722 658 806 superbi
688 727 737 786 est
765 724 797 786 in
830 723 905 786 alios
936 740 1056 804 quoque
1087 730 1246 804 spargere,
1283 720 1362 801 quod
1391 737 1445 801 pro

307 845 421 910 magno
443 828 538 891 luerit
560 831 755 891 consecutus,
794 827 863 908 quis
888 826 1022 889 alienam
1046 829 1181 888 mortem
1204 842 1261 887 sua
1284 823 1386 901 soluit,
1413 823 1446 885 ni

307 932 392 995 solus
424 932 472 994 dei
501 931 607 995 filius?
646 950 718 995 narn
743 936 774 994 et
796 930 828 993 in
852 931 920 1011 ipsa
942 931 1087 1012 passione
1110 929 1256 993 liberauit
1282 928 1444 991 latronem.

267 1061 281 1099 a
307 1036 427 1099 adhoc
450 1036 532 1098 enim
556 1040 696 1114 uenerat,
720 1038 755 1098 ut
777 1036 844 1118 ipse
868 1053 886 1097 a
909 1034 1021 1097 delicto
1041 1052 1138 1115 purus
1155 1036 1186 1095 et
1201 1032 1307 1095 omnia
1322 1035 1445 1094 sanctus

306 1158 361 1223 pro
385 1139 599 1221 peccatoribus
623 1140 731 1203 obiret.
770 1138 900 1221 proinde
923 1139 976 1219 qui
1000 1138 1089 1201 illum
1114 1136 1282 1201 aemularis
1306 1136 1445 1199 donando

307 1245 429 1325 delicta,
458 1244 484 1307 si
514 1244 558 1307 nil
589 1246 654 1326 ipse
685 1242 854 1324 deliquisti,
887 1243 980 1325 plane
1010 1245 1117 1324 patere
1147 1260 1202 1322 pro
1227 1259 1287 1304 me.
1326 1234 1351 1303 si
1373 1258 1446 1303 uero
1496 1270 1501 1277 ·

268 1341 270 1344 ’
305 1352 450 1430 peccator
481 1367 524 1427 ee,
555 1348 709 1430 quomodo
739 1349 842 1411 oleum
873 1346 994 1410 faculae
1018 1348 1090 1409 tuae
1114 1345 1257 1409 sufficere
1282 1348 1313 1408 et
1338 1344 1392 1408 tibi
1414 1346 1447 1406 et

308 1453 384 1517 mihi
414 1453 549 1535 poterit?
587 1453 686 1516 habeo
717 1453 811 1516 etiam
842 1468 926 1514 nuno
960 1469 1019 1533 quo
1054 1449 1183 1533 probem
1215 1448 1381 1513 Christum.
1419 1448 1447 1511 si

255 1580 281 1618 ro
306 1558 472 1640 propterea
495 1556 637 1620 Christus
660 1557 692 1620 in
716 1559 853 1638 martyre
878 1559 935 1635 est,
963 1558 999 1619 ut
1022 1555 1169 1618 moechos
1193 1556 1224 1617 et
1247 1553 1445 1617 fornicatores

308 1664 426 1743 martyr
449 1660 603 1740 absoluat,
627 1660 750 1723 oooulta
772 1660 872 1723 cordis
897 1659 1007 1739 edicat,
1031 1661 1066 1721 ut
1087 1658 1132 1721 ita
1155 1658 1268 1721 delicta
1291 1655 1446 1733 concedat,

309 1768 340 1829 et
362 1764 506 1829 Christus
530 1769 585 1828 est.
626 1764 670 1828 sic
693 1765 776 1828 enirn
805 1764 950 1827 dominus
974 1763 1063 1827 Iesus
1088 1761 1229 1826 Christus
1260 1763 1445 1842 potestatem

308 1887 398 1933 suam
414 1869 566 1933 ostendit:
583 1869 670 1950 quid
686 1869 864 1951 cogitatis
878 1886 1035 1949 nequam
1048 1867 1085 1930 in
1098 1865 1271 1929 cordibus
1288 1864 1446 1927 uestris?

308 1973 394 2054 quid
418 1974 516 2036 enim
538 1973 692 2036 facilius
716 1975 774 2035 est
801 1972 924 2036 dicere
951 1970 1176 2053 paralytico,
1206 1970 1447 2034 dimittuntur

256 2100 281 2138 a
307 2077 378 2141 tibi
401 2080 569 2159 peccata,
600 2080 677 2156 aut,
708 2096 818 2159 surge
842 2079 878 2140 et
901 2073 1070 2139 ambula?
1109 2074 1228 2156 igitur
1250 2076 1290 2135 ut
1319 2072 1447 2136 sciatis

307 2181 431 2245 filium
460 2182 621 2245 hominis
651 2180 788 2245 habere
813 2179 1124 2244 dimittendorum
1146 2181 1385 2262 peccatorum
1409 2176 1446 2238 in

307 2286 419 2349 terris
442 2288 686 2367 potestatem,
716 2285 790 2349 tibi
814 2286 894 2349 dico
917 2284 1141 2367 paralytice,
1174 2301 1285 2365 surge
1316 2286 1351 2345 et
1377 2298 1447 2343 am·

214 2384 217 2388 ’
307 2390 404 2454 bula.
444 2390 471 2453 si
493 2390 639 2454 dominus
662 2392 788 2453 tantum
812 2389 849 2453 de
872 2388 1035 2472 potestatis
1060 2406 1134 2451 suae
1156 2386 1339 2467 probatione
1361 2402 1448 2447 oura-

308 2495 362 2573 uit,
386 2495 433 2558 uti
455 2495 631 2559 traduceret
654 2495 809 2576 cogitatus
834 2496 865 2557 et
886 2494 931 2557 ita
945 2494 1116 2575 imperaret
1132 2492 1310 2570 sanitatem,
1333 2508 1372 2552 ne
1387 2506 1447 2552 non

256 2620 281 2660 ao
308 2599 485 2663 crederetur
507 2617 599 2681 posse
622 2599 738 2662 delicta
760 2598 928 2677 dimittere,
961 2615 1023 2661 non
1046 2596 1119 2659 licet
1141 2596 1219 2658 mihi
1243 2594 1373 2657 eandem
1394 2612 1448 2673 po-

307 2706 456 2767 testatem
485 2704 517 2766 in
548 2703 651 2784 aliquo
682 2703 749 2765 sine
783 2701 902 2766 eisdem
936 2701 1172 2784 probationibus
1206 2699 1340 2764 credere.
1378 2715 1448 2759 oum

309 2811 415 2871 tamen
438 2807 577 2871 moechis
601 2810 632 2870 et
655 2806 894 2870 fornicatoribus
914 2800 936 2869 ¹a
959 2808 1096 2888 martyre
1120 2804 1298 2886 expostulas
1313 2802 1447 2879 ueniam,

308 2911 375 2993 ipse
398 2912 555 2976 confiteris
579 2910 732 2975 eiusmodi
755 2910 888 2974 crimina
918 2909 1042 2973 nonnisi
1067 2908 1191 2991 proprio
1223 2906 1372 2989 martyrio
1404 2906 1448 2968 di·
1474 2916 1482 2932 ·

309 3016 434 3096 luenda,
462 3017 514 3097 qui
535 3015 710 3098 praesumis
733 3015 844 3078 alieno.
884 3014 965 3096 quod
989 3015 1015 3077 si
1039 3016 1096 3093 est,
1120 3013 1183 3076 iam
1209 3015 1240 3076 et
1266 3010 1448 3093 martyrium

257 3141 283 3180 aa
310 3120 395 3183 aliud
410 3120 469 3184 erit
483 3118 651 3203 baptisma.
690 3117 808 3181 habco
825 3119 936 3197 enim,
951 3118 1063 3199 inquit,
1084 3120 1121 3181 et
1137 3117 1238 3180 aliud
1253 3115 1446 3198 baptisma.

310 3225 392 3288 unde
416 3228 448 3288 et
470 3243 506 3287 ex
529 3224 658 3287 uulnere
681 3222 787 3286 lateris
812 3222 958 3286 dominici
981 3240 1062 3304 aqua
1082 3224 1112 3285 et
1128 3221 1267 3304 sanguis,
1291 3220 1447 3299 utriusque

310 3329 428 3392 lauacri
450 3332 599 3410 paratura
621 3327 770 3391 manauit.
811 3326 908 3390 debeo
937 3345 1009 3409 ergo
1033 3329 1064 3389 et
1084 3326 1184 3407 primo
1207 3326 1332 3388 lauacro
1357 3322 1447 3385 alium

309 3432 454 3513 liberare,
478 3434 505 3496 si
527 3451 656 3515 possum
679 3431 825 3496 secundo.
854 3431 996 3513 ingeram
1020 3430 1175 3511 usquein
1199 3429 1302 3492 sinum
1326 3443 1447 3490 necesse

311 3540 373 3601 est:
397 3555 598 3619 quaecunque
616 3537 794 3616 auctoritas,
815 3553 1029 3616 quaecumque
1052 3534 1129 3597 ratio
1153 3533 1282 3596 moecho
1307 3534 1339 3595 et
1356 3528 1446 3593 forni-

259 3664 285 3703 co
312 3642 408 3705 calori
430 3659 540 3723 pacem
565 3640 809 3705 ecclesiasticam
832 3639 943 3719 reddit,
968 3639 1077 3702 eadem
1094 3637 1218 3701 debebit
1234 3639 1265 3700 et
1279 3634 1445 3700 homicidae

298 3922 302 3928 Ι
417 3848 461 3918 13]
479 3848 576 3909 Matri.
589 3850 613 3912 9,
626 3850 643 3901 4
656 3863 711 3915 sqq.
765 3846 811 3915 25]
830 3845 894 3901 Luo.
910 3849 950 3910 12,
964 3849 1004 3901 50.

356 4042 489 4098 lincesto
504 4042 567 4096 Gal:
585 4040 685 4093 incerto
704 4041 731 4093 Β
784 4038 871 4093 3nisi
890 4039 940 4092 Get
993 4037 1084 4106 5ipse
1108 4038 1170 4091 Get:
1188 4038 1245 4105 ipso
1267 4037 1294 4090 Β
1363 4030 1443 4087 omnia

316 4128 344 4196 0,
367 4129 476 4181 omnino
494 4129 521 4182 Β
593 4130 609 4181 6
631 4125 717 4180 obiret
738 4128 804 4181 Uro:
826 4124 946 4178 obediret
967 4125 994 4178 Β
1065 4128 1080 4179 7
1099 4140 1146 4193 pro
1159 4139 1212 4189 ⁸me
1233 4124 1295 4178 Gal:
1317 4136 1403 4191 prome
1420 4118 1443 4171 Β

311 4219 346 4271 24
364 4216 511 4286 praesumis
532 4216 596 4269 Gal:
613 4229 769 4283 praesumus
787 4214 815 4266 Β
880 4212 902 4265 si
922 4214 969 4275 est,
989 4211 1042 4264 iarn
1064 4211 1128 4265 Gal:
1145 4210 1227 4262 sciam
1245 4210 1273 4263 Β
1342 4210 1374 4263 28
1391 4221 1443 4274 pos-

313 4320 372 4355 sum
393 4302 456 4356 Gal:
473 4318 613 4370 possumus
632 4302 659 4355 B
721 4300 841 4367 ingeram
861 4314 944 4366 usque
962 4300 1033 4353 Lat:
1051 4297 1254 4365 ingeramusque
1274 4297 1301 4350 Β
1364 4294 1442 4345 sinum

315 4391 379 4444 Get:
396 4389 478 4441 finem
497 4390 524 4442 Β
