3200 5034
382 438 428 492 IX.
448 439 492 492 De
510 438 633 492 ieiunio
651 438 807 491 aduersus
826 438 1000 507 psychicos
1020 439 1129 494 10--11Ι
1204 394 1206 399 Ι
1265 434 1328 499 289

187 617 278 695 perta
300 614 472 678 secundum
492 615 643 680 maiorem
659 616 724 678 uim
739 614 957 697 imperitorum
973 614 1054 698 apud
1070 612 1328 697 gloriosissimam

189 718 306 783 scilicet
328 718 563 784 multitudinem
584 720 813 802 psychicorum.
852 722 1017 802 propterea
1041 736 1096 801 per·
1120 718 1259 801 singulas
1283 717 1330 781 di·

187 824 324 887 reximus
355 824 474 906 species
503 824 751 927 ieiunationum,
771 824 1041 906 xerophagiarum,
1072 822 1254 903 stationum,
1283 824 1329 901 ut,

190 925 264 989 dum
294 945 494 991 recensemus
526 928 698 992 secundum
728 927 892 1009 utriusque
923 926 1105 991 testamenti
1137 929 1329 1009 paraturam,

155 1047 158 1054 ’
189 1033 344 1111 quantum
359 1030 523 1115 proficiant
537 1033 673 1096 recusati
688 1032 739 1096 uel
754 1031 847 1095 recisi
862 1032 913 1095 uel
928 1030 1078 1096 retardati
1093 1029 1201 1113 pabuli
1217 1028 1329 1109 officia,
1370 1054 1383 1093 e

190 1152 243 1199 eos
265 1136 481 1217 retundamus,
505 1136 559 1218 qui
580 1136 658 1200 haec
680 1137 769 1201 uelut
790 1135 937 1199 uocantis
959 1134 1131 1215 infirmant,
1154 1134 1232 1198 item
1256 1133 1331 1198 dum

188 1239 305 1319 pariter
327 1240 531 1321 ostendimus,
555 1258 616 1322 quo
640 1259 764 1324 semper
780 1240 813 1304 in
829 1239 936 1304 ordine
952 1239 1070 1304 fuerint
1084 1238 1253 1322 religionis,
1278 1255 1331 1301 eos

189 1344 399 1425 reuincamuS,
423 1347 476 1426 qui
498 1345 576 1408 haec
598 1348 633 1409 ut
649 1362 732 1409 noua
751 1347 915 1419 accusant;
938 1362 996 1408 nec
1016 1361 1134 1408 nouum
1151 1342 1234 1407 enim
1249 1340 1332 1424 quod

191 1465 315 1529 semper
344 1466 402 1512 nec
432 1466 567 1512 uacuum
599 1449 681 1531 quod
711 1449 796 1512 utile.
837 1448 891 1512 sed
923 1451 954 1512 et
983 1446 1061 1511 illud
1087 1446 1120 1512 in
1148 1446 1249 1510 medio
1273 1448 1331 1526 est,

190 1551 345 1631 quaedam
368 1571 405 1615 11
427 1552 476 1616 his
499 1551 609 1617 officiis
633 1570 652 1616 a
675 1553 731 1616 deo
754 1552 874 1617 homini
897 1552 1053 1635 imperata
1081 1551 1185 1635 legem
1215 1550 1331 1614 consti·
1360 1574 1384 1613 10

190 1656 298 1735 tuisse,
315 1656 469 1737 quaedam
485 1655 524 1720 ab
540 1656 667 1721 homine
683 1656 739 1721 deo
756 1655 863 1721 oblata
874 1659 985 1721 uotum
998 1655 1193 1739 expunxisse.
1224 1658 1332 1718 tamen

191 1762 224 1823 et
247 1763 366 1841 uotum,
390 1778 462 1824 eum
485 1778 504 1825 a
527 1761 583 1825 deo
607 1764 805 1843 acceptatum
829 1764 886 1841 est,
910 1761 1014 1844 legem
1033 1760 1066 1824 in
1082 1746 1243 1843 posterum
1258 1758 1334 1823 facit
1438 1798 1440 1803 -

190 1884 246 1946 per
270 1865 487 1930 auctoritatem
504 1867 723 1949 acceptatoris
748 1867 857 1930 exinde
874 1866 959 1931 enim
974 1865 1153 1930 faciendum
1169 1864 1333 1929 mandauit
1444 1936 1445 1939 Ἴ

192 1969 245 2049 qui
267 1968 385 2033 factum
408 1971 633 2054 conprobauit.
672 1972 775 2052 itaque
796 1974 828 2035 et
842 1970 916 2035 hinc
930 1972 963 2035 in
980 1970 1040 2035 alia
1056 1970 1158 2053 specie
1174 1969 1333 2034 altercatio

191 2072 333 2138 diuersae
355 2074 453 2157 partis
473 2073 649 2154 obducitur,
672 2093 745 2139 curn
761 2074 882 2139 dicunt:
906 2077 961 2139 aut
975 2073 1260 2158 pseudoprophetia
1274 2074 1332 2152 est,
1361 2094 1385 2134 15
1403 2089 1407 2165 3

192 2177 220 2240 si
235 2177 384 2259 spiritalis
400 2196 460 2242 uox
476 2178 641 2244 sollemnia
655 2178 717 2243 ista
731 2178 904 2260 constituit,
920 2181 977 2243 aut
990 2178 1141 2259 haeresia
1157 2178 1184 2241 si
1195 2178 1334 2241 humana
1403 2169 1406 2216 t

190 2282 406 2365 praesumptio
430 2282 598 2347 adiuuenit.
638 2301 708 2346 eam
724 2283 808 2347 enim
824 2283 959 2347 formam
974 2282 1249 2366 reprehendentes
1272 2300 1334 2363 qua

192 2387 225 2449 et
239 2388 348 2450 uetera
367 2386 621 2468 deouourrerunt‚
645 2390 737 2451 etex
759 2405 797 2451 ea
819 2390 1044 2468 retorquentes,
1068 2404 1147 2469 quae
1170 2389 1202 2451 et
1225 2386 1334 2450 aduer-

193 2489 267 2553 sarii
290 2494 433 2554 ueterum
456 2491 606 2554 aduersus
630 2491 685 2569 illa
707 2494 856 2574 poterunt
877 2494 1057 2571 retractare,
1081 2493 1136 2555 aut
1159 2494 1190 2554 et
1211 2490 1265 2553 illa
1285 2508 1334 2553 re·

194 2610 303 2657 cnsare
326 2593 484 2658 debebunt
506 2598 560 2659 aut
583 2598 688 2659 exerta
709 2596 771 2659 ieta
794 2595 966 2679 suscipere;
996 2594 1171 2659 necessarie
1199 2594 1333 2657 maxime
1361 2619 1386 2659 1ο

194 2715 267 2761 oum
290 2701 322 2762 et
350 2698 421 2779 ista,
453 2717 471 2762 a
500 2717 696 2781 quocumque
718 2699 901 2764 inst’tutore
923 2702 998 2763 sunt
1025 2699 1090 2763 siue
1113 2697 1246 2781 spiritali
1267 2697 1334 2761 siue

194 2804 321 2865 tantum
350 2802 446 2883 fideli,
477 2803 579 2867 eidem
609 2804 666 2867 deo
696 2805 833 2883 currant,
864 2803 915 2867 oui
946 2806 978 2867 et
1003 2806 1120 2867 uetera.
1159 2801 1334 2866 indubitate

153 2898 156 2903 ’
195 2906 280 2969 enim
303 2910 334 2971 et
356 2907 495 2972 haeresis
519 2911 551 2972 et
572 2908 855 2991 pseudoprophetia
870 2907 1043 2972 diuinitatis
1059 2906 1240 2971 diuersitate
1256 2906 1334 2970 iudi-

195 3009 350 3075 cabuntur
379 3012 461 3094 apud
490 3028 547 3075 nos
578 3030 686 3076 omnes
718 3012 802 3076 unici
830 3012 880 3076 dei
903 3012 1050 3077 creatoris
1074 3015 1105 3076 et
1128 3010 1245 3076 Christi
1267 3012 1333 3075 eius

196 3115 365 3197 antistites,
389 3117 525 3197 adeoque
548 3116 762 3181 indifferenter
783 3117 866 3181 hanc
887 3120 1010 3199 partem
1034 3115 1165 3181 defendo
1179 3115 1243 3179 illis
1259 3114 1334 3179 offe·
1360 3138 1386 3179 11

195 3238 268 3283 1111
291 3219 406 3301 inquo
436 3220 544 3291 uelint¹
564 3221 697 3304 gradum
727 3218 832 3303 figere.
872 3220 999 3303 spiritus
1022 3220 1138 3285 diaboli
1161 3223 1219 3300 est,
1247 3218 1334 3299 dicis,

195 3341 214 3387 o
237 3323 391 3407 psychice.
430 3328 461 3388 et
483 3324 636 3405 quomodo
660 3323 708 3388 dei
731 3324 831 3388 nostri
853 3322 956 3388 officia
977 3324 1086 3388 indicit
1107 3341 1165 3387 nec
1188 3321 1334 3387 11111111-

195 3427 294 3491 renda
308 3446 404 3509 quam
420 3427 477 3492 deo
492 3431 621 3493 nostro?
660 3431 715 3492 aut
730 3428 883 3492 contende
899 3426 1059 3492 diabolum
1073 3446 1145 3491 cum
1161 3426 1217 3491 deo
1232 3427 1334 3490 facere

197 3535 302 3596 nostro
328 3534 384 3595 aut
413 3534 540 3596 satanas
570 3532 747 3614 paracletus
777 3531 941 3595 habeatur.
981 3531 1035 3595 sed
1065 3531 1224 3595 hominem
1254 3532 1335 3595 anti-

197 3636 350 3701 christum
373 3634 534 3711 adfirmas;
557 3636 616 3699 hoc
639 3636 722 3700 enim
745 3638 897 3700 uocantm
919 3635 1066 3700 haeretici
1088 3635 1215 3699 nomine
1238 3654 1334 3718 penes
1361 3659 1388 3699 ac

197 3738 379 3804 Iohannem.
418 3743 451 3804 et
479 3739 644 3821 quomodo,
674 3740 813 3821 quisquis
843 3740 896 3803 1111
928 3742 986 3819 est,
1017 3738 1050 3802 in
1074 3738 1197 3803 Christo
1228 3742 1334 3804 nostro

197 3844 275 3908 haee
306 3862 381 3928 erga
410 3843 572 3908 dominum
603 3847 746 3908 nostrum
777 3842 880 3907 officia
908 3842 1069 3925 disposuit,
1100 3861 1172 3907 curn
1202 3846 1234 3907 et
1256 3844 1336 3907 anti-

198 3948 306 4013 christi
328 3966 403 4032 erga
425 3948 544 4029 deum,
560 3948 727 4013 aduersum
754 3951 898 4013 nostrum
920 3946 1129 4031 processerint
1151 3946 1335 4012 Christum?

243 4121 277 4176 12
294 4119 381 4173 sancit
396 4121 454 4175 Lot
511 4123 543 4176 19
560 4122 707 4190 potuerunt
723 4121 787 4187 Lot,
806 4120 931 4188 poterant
953 4120 1005 4175 Urs
1060 4121 1094 4173 20
1113 4117 1261 4171 debuerunt
1279 4118 1337 4172 Lot

199 4209 246 4260 aut
263 4207 328 4261 add.
341 4208 397 4262 Lat
449 4209 537 4261 exerta
552 4208 588 4275 B,
606 4210 692 4261 exerte
711 4207 740 4276 0,
758 4209 829 4260 certe
846 4208 897 4263 Urs
951 4204 1095 4259 necessario
1117 4205 1169 4259 Urs
1222 4203 1336 4257 maxime

199 4293 249 4347 dcl.
271 4294 323 4348 Urs
394 4294 424 4348 21
445 4292 500 4346 sint
521 4294 572 4348 Urs
641 4296 676 4349 23
693 4291 933 4362 pseudoprophetia
953 4291 1015 4346 oei:
1037 4289 1291 4359 pseudoprophetiae
1309 4292 1337 4345 B

198 4382 233 4434 24
251 4395 343 4433 omnes
363 4379 426 4435 Get:
443 4379 514 4448 apud
532 4396 623 4433 omnes
639 4382 666 4435 B
720 4382 753 4435 32
772 4379 851 4433 deum
868 4382 931 4448 sort.
985 4380 1019 4433 33
1038 4392 1100 4445 erga
1119 4376 1198 4430 deum
1217 4378 1266 4433 dcl.
1279 4379 1337 4441 Lot

252 4473 294 4515 xx.
309 4474 396 4515 1111.
1148 4468 1180 4514 19
