3200 5034
293 437 335 501 80
525 437 640 504 Quinti
659 437 797 507 Septimi
816 438 986 492 Florentis
1004 439 1206 493 Tertulliani

292 614 358 675 tem
377 608 383 697 Ι
403 612 569 696 designant
584 614 722 678 deorum.
767 617 1009 698 constuprantur
1025 632 1131 678 coram
1145 614 1236 679 uobis
1251 615 1432 679 maiestates

291 716 325 780 in
341 713 476 802 corlpore
490 718 611 800 inpuro.
651 718 810 782 famosum
826 721 858 782 et
873 717 1065 782 diminutum
1088 722 1184 802 caput
1204 719 1310 803 imago
1333 719 1434 783 cuius-

292 819 370 884 libet
384 821 433 884 dei
448 817 562 906 nesltit.
593 822 681 904 luget
696 821 749 887 Sol
770 821 872 886 filium
894 822 1027 886 fulmina
1050 823 1222 887 extinctum
1244 822 1433 887 laetantibus

292 924 391 1004 uobis
416 924 532 1007 Cybela
551 924 556 1011 Ι
576 929 735 1008 pastorem
758 927 895 1009 suspirat
916 926 1117 990 fastidiosum
1138 944 1202 991 non
1224 927 1434 992 erubescenti-

252 1053 266 1093 s
291 1027 351 1092 bus
374 1027 474 1109 uobis,
506 1033 537 1093 et
560 1027 731 1116 sustineltis
754 1030 839 1095 Iouis
864 1031 965 1115 elogia
986 1031 1149 1095 modulari.
1195 1032 1288 1115 plane
1310 1031 1434 1115 religio-

291 1133 386 1198 siores
411 1133 487 1198 estis
510 1134 543 1198 in
570 1134 780 1217 gladiatorum
800 1135 805 1218 Ι
825 1153 931 1215 cauea,
958 1134 1013 1199 ubi
1040 1153 1134 1217 super
1162 1136 1350 1219 sanguinem
1376 1135 1433 1198 hu·

291 1255 436 1318 manum,
471 1257 564 1321 super
597 1238 834 1320 inquinamenta
863 1256 1036 1322 poenarum
1065 1237 1203 1324 perinlde
1233 1240 1352 1303 saltant
1385 1239 1434 1303 dei

290 1342 389 1405 uestri
413 1345 599 1426 argumenta
622 1345 652 1405 et
675 1342 823 1407 historias
846 1343 1032 1408 nocentibus
1048 1344 1212 1428 erogandis
1233 1342 1238 1427 Ι
1256 1347 1293 1408 11
1308 1343 1342 1408 in
1357 1343 1432 1426 ipsis

291 1445 356 1508 deis
372 1450 520 1510 nocentes
535 1445 714 1529 puniantur.
746 1446 883 1510 uidimus
907 1465 998 1529 saepe
1021 1450 1192 1512 castratum
1204 1446 1295 1512 Attin
1316 1445 1320 1532 Ι
1340 1447 1433 1512 deum

239 1575 264 1614 10
291 1569 310 1613 a
332 1549 530 1630 Pessinunte,
561 1551 668 1631 etqui
692 1552 783 1614 uiuus
808 1550 1017 1632 cremabatur,
1047 1552 1219 1616 Herculem
1248 1552 1403 1616 induerat.
1427 1548 1430 1637 Ι

291 1655 420 1718 risimus
445 1658 476 1718 et
499 1655 664 1719 meridiani
686 1655 754 1718 ludi
777 1656 815 1718 de
831 1656 896 1719 deis
912 1656 1029 1736 lusum,
1054 1674 1113 1739 quo
1129 1657 1213 1720 Ditis
1228 1657 1334 1737 Pater,
1349 1656 1431 1720 Iouis

291 1759 396 1839 irater,
417 1774 421 1843 Ι
442 1760 650 1842 gladiatorum
675 1760 836 1841 exsequias
859 1778 931 1823 cum
954 1761 1069 1824 malleo
1100 1760 1327 1842 deducitque
1350 1760 1432 1824 Mer·

291 1865 394 1926 curius
416 1864 450 1926 in
472 1861 605 1948 calluitio
629 1865 830 1946 pennatulus,
853 1865 885 1928 in
902 1865 1036 1928 caduceo
1052 1865 1215 1949 ignitulus,
1239 1881 1369 1946 corpora
1383 1882 1432 1927 er-

292 1968 431 2031 animata
452 1969 516 2032 iam
536 1966 540 2053 Ι
561 1971 735 2032 mortemue
760 1969 941 2032 simulantia
963 1988 980 2031 e
1002 1969 1140 2033 cauterio
1155 1968 1277 2051 probat.
1310 1968 1432 2051 singula

240 2097 264 2138 a
291 2072 352 2135 ista
375 2090 516 2155 quaeque
541 2071 651 2154 adlhuc
674 2074 865 2156 inuestigare
889 2073 957 2155 quis
973 2073 1084 2156 possit,
1108 2074 1134 2136 si
1149 2073 1301 2137 honorem
1315 2073 1433 2154 inquie-

291 2180 361 2241 tant
384 2177 569 2258 clamitatis,
593 2178 619 2241 si
638 2175 643 2261 Ι
664 2178 837 2241 maiestatis
860 2178 1023 2262 fastigium
1046 2178 1211 2242 adsolant?
1245 2177 1278 2240 di
1301 2177 1339 2240 de
1363 2195 1433 2242 con-

291 2283 415 2363 temptu
437 2282 545 2363 utique
569 2285 736 2346 censentur
756 2281 761 2367 Ι
781 2300 877 2363 quam
907 2299 1016 2346 eorum
1039 2282 1092 2363 qui
1114 2281 1268 2346 eiusmodi
1290 2281 1434 2346 factitant

292 2403 387 2466 quam
410 2403 518 2450 eorum
541 2387 595 2468 qui
616 2386 678 2450 ista
701 2387 902 2471 suscipiunt,
932 2384 936 2471 Ι
963 2405 1059 2468 quare
1081 2386 1198 2467 nescio,
1228 2405 1268 2449 ne
1296 2386 1370 2468 plus
1396 2385 1433 2449 de

292 2491 382 2555 uobis
406 2491 455 2553 dei
477 2491 575 2554 uestri
598 2509 692 2572 quam
714 2491 858 2555 danobis
874 2494 1054 2573 querantur.
1088 2539 1097 2574 ,
1099 2541 1258 2554 .......
1260 2487 1293 2576 1Ι
1315 2510 1352 2554 ex
1375 2490 1435 2554 alia

240 2622 265 2660 1ο
292 2599 380 2678 parte
399 2595 580 2675 adulamini,
603 2595 755 2659 redimitis
772 2596 799 2658 si
815 2613 877 2678 qua
892 2595 1083 2676 delinquitis
1107 2598 1138 2658 et
1160 2591 1346 2680 p,ostrc,lmo
1362 2595 1435 2658 licet

292 2699 381 2762 nobis
396 2699 430 2762 in
446 2717 498 2763 cos
516 2717 593 2781 quos
611 2718 680 2764 esse
696 2699 852 2764 uoluistis.
884 2717 940 2763 nos
957 2717 1031 2763 uero
1046 2700 1079 2762 in
1091 2702 1194 2763 totum
1206 2695 1432 2784 auerS,amur,.l

337 2802 386 2866 11.
409 2803 475 2867 Nec
498 2805 623 2868 tantum
647 2804 679 2867 in
702 2803 760 2867 hoc
783 2804 910 2868 nomine
932 2805 977 2866 rei
999 2804 1140 2867 desertae
1163 2804 1339 2868 communis
1362 2802 1435 2866 reli-

291 2909 402 2992 gionis,
427 2907 481 2971 sed
502 2904 506 2991 Ι
527 2908 735 2990 superductae
757 2911 977 2971 monstruosae
1000 2908 1244 2990 superstitionis.
1290 2926 1376 2988 nam,
1401 2910 1435 2970 ut

292 3013 428 3094 qnidam,
452 3012 632 3076 somniastis
648 3010 657 3097 ΙΙ
671 3015 785 3096 ,caput
801 3012 960 3076 asininum
976 3031 1044 3075 esse
1062 3012 1155 3076 deum
1170 3016 1329 3077 nostrum:
1353 3013 1513 3076 hanofra

239 3141 265 3182 as
293 3115 453 3180 Cornelius
477 3116 603 3180 Tacitus
628 3117 839 3200 suspicionem
863 3116 946 3180 tecit.
969 3115 973 3199 Ι
992 3117 1019 3179 is
1043 3117 1128 3180 enim
1150 3119 1184 3181 in
1199 3121 1312 3199 quarta
1326 3117 1435 3181 Histo-

291 3220 409 3284 riarum
432 3239 571 3301 suarum,
595 3221 648 3285 ubi
673 3221 710 3284 de
725 3221 809 3284 bello
824 3221 950 3284 Iudaico
967 3219 1089 3303 digerit,
1112 3220 1150 3285 ab
1167 3221 1286 3304 origine
1306 3220 1312 3300 Ι
1331 3221 1435 3305 gentis

395 3375 441 3444 25]
460 3373 494 3430 ci.
507 3375 568 3429 Tac.
581 3374 644 3428 hist.
658 3380 682 3439 5,
695 3377 719 3430 3.
733 3377 757 3430 4.

336 3518 349 3570 1
364 3517 572 3583 constuprantur
583 3515 668 3570 Goth:
680 3517 826 3583 constupra
836 3556 841 3567 .
852 3516 898 3568 tur
908 3515 936 3569 A
983 3517 1000 3569 2
1013 3514 1147 3568 famosum
1161 3516 1247 3570 Goth:
1258 3514 1397 3569 fumosum
1407 3516 1435 3570 A

291 3601 485 3657 destinctuA
537 3602 726 3670 dsupercdd.
742 3602 814 3657 Goth
868 3600 1013 3669 iperinde
1030 3602 1143 3670 scripsi:
1159 3600 1272 3670 proinde
1288 3602 1316 3656 A
1370 3604 1436 3656 8ut

292 3691 404 3758 scripsi:
432 3690 528 3743 autA
598 3692 615 3744 9
642 3687 789 3758 puniantur
816 3689 929 3757 scripsi:
954 3687 1106 3757 puniuntur
1127 3689 1155 3742 A
1227 3691 1258 3743 11
1287 3704 1340 3756 quo
1364 3689 1435 3743 Ditis

292 3779 404 3846 scripsi:
426 3776 498 3844 quod
516 3775 588 3830 Ditis
611 3775 746 3844 Octlcras,
769 3775 900 3844 quodistis
917 3776 954 3844 A,
978 3791 1029 3843 quo
1048 3775 1097 3828 Dis
1115 3776 1172 3846 Rip
1244 3777 1277 3830 12
1295 3790 1347 3843 que
1366 3777 1437 3848 Rip:

293 3864 363 3932 quod
375 3866 402 3918 A
457 3866 490 3919 13
507 3863 537 3917 in
555 3862 663 3917 caluitio
680 3862 843 3932 pennatulus
855 3864 926 3934 Rip:
943 3862 1055 3916 incaluit
1072 3862 1262 3932 ioppenaculus
1280 3863 1316 3931 A,
1334 3862 1365 3916 in
1383 3863 1436 3917 cal·

292 3951 359 4005 uitio
382 3950 527 4021 penaculus
553 3951 625 4007 coco
695 3949 826 4004 caducaeo
849 3951 876 4004 A
949 3952 982 4005 14
1006 3948 1163 4003 simulantia
1183 3967 1217 4005 ac
1234 3948 1391 4021 simulantip
1409 3951 1436 4004 A

294 4042 326 4095 15
338 4053 439 4107 queque
452 4038 480 4092 A
526 4037 677 4107 inquietant
691 4038 775 4093 Goth:
788 4036 989 4106 inquietantiA
1035 4036 1219 4091 lddioddidc'
1264 4039 1297 4092 17
1309 4035 1437 4090 factitant

291 4126 360 4195 Rip:
377 4125 490 4179 facitant
507 4126 535 4179 A
584 4127 616 4180 18
634 4123 686 4177 ista
704 4125 817 4193 scripsi:
834 4124 874 4178 ita
890 4125 918 4178 A
965 4123 1115 4192 suscipiunt
1133 4125 1205 4180 ooo:
1249 4139 1330 4191 quare
1351 4123 1437 4180 ooo.-

292 4213 383 4280 quaA
432 4214 464 4267 19
484 4253 592 4266 .......
610 4212 645 4280 A,
658 4211 820 4278 contemptis
835 4211 962 4267 Octtcnes
1012 4213 1047 4266 20
1058 4213 1193 4280 postremo
1208 4210 1280 4267 Gotlr
1332 4212 1365 4266 21
1380 4227 1435 4264 esse

292 4314 357 4367 quos
375 4300 488 4369 scn'psc':
505 4313 571 4368 quos
590 4315 645 4352 esse
663 4300 690 4353 A
753 4314 908 4352 auersamur
928 4297 1000 4354 Goth
1062 4298 1195 4353 131111
1214 4298 1242 4353 A
1259 4299 1332 4353 1111111
1349 4298 1436 4354 deesse

291 4387 401 4454 acidctwr
453 4389 622 4440 monstuosac
640 4388 667 4440 A
685 4405 753 4444 corr.
807 4389 841 4442 25
859 4386 902 4438 his
919 4387 947 4440 A
