3200 5034
598 407 629 460 X.
649 407 693 460 De
711 407 818 459 anima
836 408 946 462 46-48.
1278 406 1341 470 379

242 580 294 644 48.
317 581 456 647 Certiora
479 586 511 646 et
534 583 680 647 colatiora
703 583 852 646 somniari
875 582 1034 647 affirmant
1057 583 1115 647 sub
1140 583 1263 647 extimis
1287 601 1341 646 no-

198 687 301 751 ctibus
325 688 414 769 quasi
435 688 498 751 iarn
522 691 700 772 emergente
723 688 900 752 animarum
922 689 1028 772 uigore
1051 689 1198 771 prodacto
1221 705 1338 770 sopore.

198 810 235 855 ex
265 792 459 875 temporibus
490 795 597 856 autern
628 793 702 856 anni
732 811 829 856 uerno
860 794 960 876 magis
987 793 1101 875 quieta,
1133 792 1213 874 quod
1238 794 1340 856 aestas

197 895 351 960 dissoluat
373 897 493 960 animas
517 900 549 961 et
571 897 695 980 hiemps
718 897 947 979 quodammodo
971 897 1104 962 obduret
1124 900 1155 961 et
1171 900 1339 961 autumnus

196 1003 368 1084 temptator
391 1002 467 1065 alias
490 1002 707 1065 ualetudinum
729 1004 811 1066 sucis
827 1021 993 1085 pomorum
1007 1001 1215 1066 uinosis'simis
1232 1001 1338 1065 diluat.
1379 1028 1391 1067 s

197 1107 274 1170 item
305 1125 341 1169 ex
371 1106 470 1188 ipsius
500 1107 612 1188 quietis
643 1107 715 1186 situ,
745 1107 772 1170 si
795 1126 896 1189 neque
918 1107 1067 1189 resupina
1089 1125 1190 1188 neque
1214 1106 1339 1169 dextero

195 1212 295 1275 latere
318 1211 485 1275 decumbat
507 1229 609 1293 neque
631 1212 879 1294 conresupinatis
901 1212 1032 1276 internis
1056 1211 1147 1294 quasi
1166 1210 1278 1275 refusis
1294 1211 1339 1274 lo·

197 1316 275 1379 culis
306 1316 398 1379 statio
429 1335 579 1379 sensuum
609 1314 712 1380 fluitet
742 1320 797 1380 aut
825 1335 1005 1400 compressu
1028 1316 1136 1380 iecoris
1161 1315 1276 1398 angina
1299 1316 1339 1379 sit

196 1421 322 1485 mentis.
369 1420 424 1484 sed
450 1421 528 1484 haec
549 1421 709 1504 ingeniose
733 1421 893 1486 aestimari
915 1421 1017 1504 potius
1042 1440 1136 1503 quam
1159 1424 1339 1485 constanter

194 1525 322 1607 probari
350 1528 469 1609 putem,
501 1526 561 1590 etsi
583 1527 672 1591 Plato
704 1529 761 1607 est,
793 1527 846 1608 qui
869 1544 906 1591 ea
929 1525 1120 1600 aestimauit3
1152 1529 1183 1590 et
1205 1525 1338 1589 fortasse
1365 1549 1391 1588 ιο

196 1648 237 1693 an
267 1648 341 1693 casu
370 1631 548 1714 procedant.
596 1632 732 1714 alioquin
757 1650 792 1695 ex
817 1632 944 1696 arbitrio
968 1634 1060 1695 erunt
1083 1630 1213 1710 somnia,
1245 1630 1271 1692 si
1294 1629 1339 1692 di-

194 1735 255 1819 rigi
284 1738 439 1817 poterunt.
487 1753 562 1799 narn
592 1737 675 1818 quod
705 1739 736 1800 et
763 1737 801 1800 de
825 1735 902 1800 cibis
925 1734 1152 1818 distinguendis
1175 1734 1227 1797 uel
1251 1734 1338 1798 dero-

194 1840 306 1924 gandis
337 1855 420 1904 nnnc
442 1841 655 1924 praesumptio
679 1859 762 1904 nune
785 1840 965 1924 superstitio
989 1839 1186 1922 disciplinam
1209 1838 1337 1902 somniis

194 1945 389 2028 praescribit,
413 1946 654 2010 examinandum
671 1948 726 2010 est.
763 1945 953 2028 superstitio,
976 1947 1012 2008 ut
1026 1962 1099 2006 cum
1115 1943 1197 2025 apud
1213 1944 1339 2024 oracula

193 2048 387 2113 incubaturis
418 2050 570 2115 ieiunium
600 2051 746 2115 indicitur
768 2051 820 2114 uel
843 2049 1026 2113 castimonia
1049 2048 1217 2128 inducitur,
1248 2065 1337 2129 prae·
1366 2070 1391 2112 15

195 2153 341 2235 sumptio,
373 2156 409 2217 ut
438 2171 511 2217 cum
533 2155 734 2238 Pythagorici
757 2155 795 2218 ob
820 2155 901 2217 hanc
925 2171 1046 2235 quoque
1071 2151 1207 2234 speeiem
1229 2151 1336 2215 fabam

193 2261 347 2341 respuunt
370 2277 535 2324 onerosum
559 2264 591 2323 et
612 2259 733 2323 inflatui
755 2259 917 2340 pabulum.
950 2257 1060 2340 atquin
1083 2257 1164 2321 trina
1186 2256 1241 2320 illa
1264 2275 1336 2320 curn

67 2369 179 2424 1².157v
194 2362 326 2426 Daniele
355 2363 535 2428 fraternitas
556 2361 560 2447 l
579 2364 738 2447 legumine
762 2364 828 2427 solo
851 2363 1000 2443 contenti,
1032 2382 1071 2427 ne
1094 2361 1186 2445 regiis
1209 2361 1335 2425 ferculis

192 2468 636 2551 contaminarentur,praeter
660 2469 846 2551 sapientiam
869 2467 1022 2549 reliquam
1038 2467 1231 2530 somniorum
1246 2483 1335 2548 prae-

192 2571 280 2654 cipue
310 2573 446 2656 gratiam
470 2572 567 2637 adeo
597 2574 797 2636 redemerunt
828 2575 859 2656 et
889 2571 1158 2655 impetrandorum
1182 2573 1214 2634 et
1236 2570 1335 2633 disse·
1361 2594 1387 2632 eo

191 2676 368 2740 rendorum.
414 2677 537 2741 ieiunus
568 2680 674 2741 autem
704 2677 809 2741 nescio
840 2696 880 2741 an
908 2695 965 2760 ego
989 2677 1073 2740 solus
1096 2674 1268 2758 plurimum
1291 2674 1335 2737 ita

192 2781 356 2860 somniem,
379 2784 416 2844 ut
438 2801 489 2845 me
514 2782 687 2846 somniasse
710 2801 773 2846 non
796 2782 940 2846 sentiam.
980 2780 1058 2844 nihil
1081 2797 1154 2863 ergo
1171 2777 1333 2857 sobrietas,
1352 2811 1356 2817 ·

191 2883 306 2965 inquis,
329 2885 368 2947 ad
392 2885 473 2949 hanc
495 2889 639 2969 partem?
673 2887 770 2951 immo
790 2889 878 2950 tanto
894 2887 995 2969 magis
1012 2885 1051 2948 ad
1066 2886 1157 2964 hanc,
1181 2884 1334 2965 quantum

191 2990 223 3050 et
246 2989 284 3051 ad
307 3007 448 3064 omnem;
473 2991 499 3054 si
523 2995 554 3055 et
576 2992 615 3055 ad
639 2992 906 3074 superstitionem,
929 2987 1028 3054 multo
1052 2989 1186 3073 amplius
1207 2988 1246 3052 ad
1261 2987 1334 3051 reli-

191 3095 326 3176 gionem.
362 3094 408 3158 sic
431 3095 513 3158 enim
538 3098 570 3159 et
593 3096 757 3160 daemonia
781 3096 980 3178 expostulant
996 3113 1066 3158 eam
1083 3113 1100 3158 a
1117 3093 1180 3158 suis
1198 3091 1333 3156 somnia·
1360 3115 1385 3154 as

189 3197 309 3262 toribus
341 3199 379 3262 ad
409 3200 597 3264 lenocinium
628 3201 744 3265 scilieet
767 3201 948 3280 diuinitatis,
979 3199 1051 3281 quia
1074 3198 1260 3262 familiarem
1284 3195 1333 3258 dei

295 3440 339 3509 10]
358 3439 391 3494 cf.
405 3440 474 3495 Plat.
488 3441 556 3496 Tim.
570 3458 594 3510 p.
607 3444 647 3497 71.
703 3444 747 3513 18]
761 3442 794 3497 ci.
807 3443 875 3496 Dan.
886 3445 911 3507 2,
922 3445 954 3498 16
967 3457 1005 3510 sq.

233 3667 404 3722 lcollatiora
421 3670 448 3723 A
461 3687 528 3725 corr.
582 3670 747 3739 2prodneto
767 3673 903 3728 semlerus
956 3674 1080 3726 3autem
1098 3690 1149 3728 om,
1163 3673 1190 3726 A
1244 3674 1330 3726 aestas

187 3771 238 3810 om.
252 3755 279 3808 A
331 3755 498 3824 AhyemsB
557 3758 661 3813 5sueis
675 3759 739 3813 ceu.-
756 3775 834 3812 sucus
847 3761 882 3828 A,
902 3761 1034 3813 succnsB
1088 3762 1212 3827 cneque.
1232 3760 1330 3826 neq:A

187 3843 203 3894 7
222 3839 317 3894 refusis
335 3841 371 3911 B,
394 3842 506 3911 repulsis
524 3845 625 3915 ABmp
695 3845 790 3899 loculis
811 3846 874 3901 ceu.-
895 3845 987 3899 looalis
1009 3847 1065 3900 AB
1137 3849 1153 3902 8
1177 3845 1266 3899 fluitet
1284 3845 1330 3899 aut

188 3927 252 3981 cer.-
274 3926 383 3981 fluitet
405 3932 453 3983 aut
475 3931 532 3984 AB
606 3946 759 4000 compressu
784 3932 847 3987 Get:
870 3947 1020 4000 compressa
1041 3934 1097 3987 AB
1172 3933 1270 4001 angina
1292 3934 1329 4002 B,

185 4013 279 4081 sagina
297 4016 397 4085 ΑΒΜ
452 4019 484 4071 12
502 4016 659 4072 decorandis
675 4020 710 4083 A,
730 4019 888 4072 decorandis
900 4022 956 4090 Rip
1010 4024 1042 4076 15
1061 4021 1104 4074 uel
1121 4022 1233 4090 scripsi:
1250 4023 1281 4074 ut
1293 4023 1328 4089 B,

185 4118 237 4156 om,
251 4101 278 4154 A
332 4102 489 4156 castimonia
505 4104 642 4158 inducitur
654 4124 704 4162 oro.
718 4107 745 4160 A
798 4107 956 4160 castimonia
973 4109 1085 4176 scripsi:
1103 4107 1288 4160 castimoniam
1301 4109 1328 4162 Β

185 4186 324 4241 inducitur
345 4191 458 4259 scripsi:
480 4191 585 4245 inducit
607 4195 642 4262 B,
665 4193 776 4248 inducat
793 4194 844 4249 Gcl
909 4197 941 4250 16
964 4195 1075 4264 spetiem
1092 4197 1119 4249 A
1184 4199 1215 4251 17
1238 4199 1265 4250 et
1286 4197 1356 4250 inv

184 4273 280 4417 {latum
306 4276 363 4344 Get,
386 4293 417 4330 ex
438 4278 533 4332 inflatu
554 4282 618 4348 fort.
690 4283 724 4337 20
747 4298 762 4335 a
784 4300 843 4354 sup.
867 4301 935 4338 cers.
959 4285 986 4340 A
1061 4282 1276 4356 imperandorum
1300 4286 1327 4338 A

237 4361 342 4416 ieiuniis
360 4365 387 4417 B
