<?xml version="1.0" encoding="UTF-8"?>
<!DOCTYPE html PUBLIC "-//W3C//DTD XHTML 1.0 Transitional//EN"
    "http://www.w3.org/TR/xhtml1/DTD/xhtml1-transitional.dtd">
<html xmlns="http://www.w3.org/1999/xhtml" xml:lang="en" lang="en">
 <head>
  <title>
</title>
<meta http-equiv="Content-Type" content="text/html;charset=utf-8" />
  <meta name='ocr-system' content='tesseract 3.04.00' />
  <meta name='ocr-capabilities' content='ocr_page ocr_carea ocr_par ocr_line ocrx_word'/>
</head>
<body>
  <div class='ocr_page' id='page_1' title='image "./corpusscriptoru24wissgoog_0349.png"; bbox 0 0 3200 5034; ppageno 0'>
   <div class='ocr_carea' id='block_1_1' title="bbox 281 409 1191 480">
    <p class='ocr_par' dir='ltr' id='par_1_1' title="bbox 281 409 1191 480">
     <span class='ocr_line' id='line_1_1' title="bbox 281 409 1191 480; baseline -0.007 -12"><span class='ocrx_word' id='word_1_1' title='bbox 281 411 345 475; x_wconf 80' lang='grc'>328</span> <span class='ocrx_word' id='word_1_2' title='bbox 512 411 626 476; x_wconf 77' lang='lat' dir='ltr'>Quinti</span> <span class='ocrx_word' id='word_1_3' title='bbox 645 411 784 480; x_wconf 81' lang='lat' dir='ltr'>Septimi</span> <span class='ocrx_word' id='word_1_4' title='bbox 803 410 968 464; x_wconf 81' lang='lat' dir='ltr'>Florentis</span> <span class='ocrx_word' id='word_1_5' title='bbox 987 409 1191 463; x_wconf 81' lang='lat' dir='ltr'>Tertulliani</span> 
     </span>
    </p>
   </div>
   <div class='ocr_carea' id='block_1_2' title="bbox 215 585 1500 3583">
    <p class='ocr_par' dir='ltr' id='par_1_2' title="bbox 242 585 1418 1399">
     <span class='ocr_line' id='line_1_2' title="bbox 281 585 1417 669; baseline -0.003 -20"><span class='ocrx_word' id='word_1_6' title='bbox 281 586 372 650; x_wconf 85' lang='lat' dir='ltr'>bolus</span> <span class='ocrx_word' id='word_1_7' title='bbox 403 586 578 669; x_wconf 84' lang='lat' dir='ltr'>adspirant.</span> <span class='ocrx_word' id='word_1_8' title='bbox 625 589 656 650; x_wconf 87' lang='lat' dir='ltr'>ei</span> <span class='ocrx_word' id='word_1_9' title='bbox 685 604 768 649; x_wconf 90' lang='lat' dir='ltr'>nuno</span> <span class='ocrx_word' id='word_1_10' title='bbox 799 586 839 648; x_wconf 89' lang='lat' dir='ltr'>ad</span> <span class='ocrx_word' id='word_1_11' title='bbox 869 585 1078 649; x_wconf 86' lang='lat' dir='ltr'>differentiam</span> <span class='ocrx_word' id='word_1_12' title='bbox 1107 585 1300 654; x_wconf 84' lang='lat' dir='ltr'>sensualium</span> <span class='ocrx_word' id='word_1_13' title='bbox 1322 588 1351 647; x_wconf 87' lang='lat' dir='ltr'>et</span> <span class='ocrx_word' id='word_1_14' title='bbox 1371 585 1417 647; x_wconf 92' lang='lat' dir='ltr'>in-</span> 
     </span>
     <span class='ocr_line' id='line_1_3' title="bbox 281 689 1416 771; baseline -0.003 -18"><span class='ocrx_word' id='word_1_15' title='bbox 281 690 507 754; x_wconf 86' lang='lat' dir='ltr'>tellectualium</span> <span class='ocrx_word' id='word_1_16' title='bbox 537 708 599 754; x_wconf 92' lang='lat' dir='ltr'>non</span> <span class='ocrx_word' id='word_1_17' title='bbox 630 691 715 754; x_wconf 91' lang='lat' dir='ltr'>aliud</span> <span class='ocrx_word' id='word_1_18' title='bbox 746 690 941 753; x_wconf 75' lang='lat' dir='ltr'>admittimus</span> <span class='ocrx_word' id='word_1_19' title='bbox 969 708 1063 771; x_wconf 92' lang='lat' dir='ltr'>quam</span> <span class='ocrx_word' id='word_1_20' title='bbox 1086 708 1191 752; x_wconf 88' lang='lat' dir='ltr'>rerum</span> <span class='ocrx_word' id='word_1_21' title='bbox 1215 689 1416 767; x_wconf 87' lang='lat' dir='ltr'>diuersitates,</span> 
     </span>
     <span class='ocr_line' id='line_1_4' title="bbox 281 792 1418 876; baseline -0.004 -18"><span class='ocrx_word' id='word_1_22' title='bbox 281 795 488 876; x_wconf 80' lang='lat' dir='ltr'>corporalium</span> <span class='ocrx_word' id='word_1_23' title='bbox 512 798 542 857; x_wconf 89' lang='lat' dir='ltr'>et</span> <span class='ocrx_word' id='word_1_24' title='bbox 565 794 763 876; x_wconf 83' lang='lat' dir='ltr'>spiritalium,</span> <span class='ocrx_word' id='word_1_25' title='bbox 795 793 968 857; x_wconf 77' lang='lat' dir='ltr'>uisiloilium</span> <span class='ocrx_word' id='word_1_26' title='bbox 991 797 1021 857; x_wconf 87' lang='lat' dir='ltr'>et</span> <span class='ocrx_word' id='word_1_27' title='bbox 1044 793 1262 872; x_wconf 84' lang='lat' dir='ltr'>inuisibilium,</span> <span class='ocrx_word' id='word_1_28' title='bbox 1285 792 1418 874; x_wconf 87' lang='lat' dir='ltr'>publica-</span> 
     </span>
     <span class='ocr_line' id='line_1_5' title="bbox 281 897 1418 980; baseline -0.003 -18"><span class='ocrx_word' id='word_1_29' title='bbox 281 903 386 962; x_wconf 90' lang='lat' dir='ltr'>tarum</span> <span class='ocrx_word' id='word_1_30' title='bbox 410 903 441 962; x_wconf 90' lang='lat' dir='ltr'>ot</span> <span class='ocrx_word' id='word_1_31' title='bbox 463 917 664 978; x_wconf 89' lang='lat' dir='ltr'>arcanarum,</span> <span class='ocrx_word' id='word_1_32' title='bbox 693 898 773 980; x_wconf 92' lang='lat' dir='ltr'>quod</span> <span class='ocrx_word' id='word_1_33' title='bbox 796 899 869 962; x_wconf 92' lang='lat' dir='ltr'>illae</span> <span class='ocrx_word' id='word_1_34' title='bbox 894 899 1016 978; x_wconf 89' lang='lat' dir='ltr'>sensui,</span> <span class='ocrx_word' id='word_1_35' title='bbox 1039 899 1118 961; x_wconf 90' lang='lat' dir='ltr'>istae</span> <span class='ocrx_word' id='word_1_36' title='bbox 1141 897 1314 961; x_wconf 87' lang='lat' dir='ltr'>intellectui</span> <span class='ocrx_word' id='word_1_37' title='bbox 1336 897 1418 960; x_wconf 87' lang='lat' dir='ltr'>attri-</span> 
     </span>
     <span class='ocr_line' id='line_1_6' title="bbox 242 986 1417 1085; baseline -0.003 -19"><span class='ocrx_word' id='word_1_38' title='bbox 242 1030 254 1066; x_wconf 88' lang='lat'><strong>5</strong></span> <span class='ocrx_word' id='word_1_39' title='bbox 281 1003 432 1083; x_wconf 84' lang='lat' dir='ltr'>tuantur,</span> <span class='ocrx_word' id='word_1_40' title='bbox 464 1004 546 1085; x_wconf 90' lang='lat' dir='ltr'>apud</span> <span class='ocrx_word' id='word_1_41' title='bbox 576 1004 713 1085; x_wconf 86' lang='lat' dir='ltr'>animam</span> <span class='ocrx_word' id='word_1_42' title='bbox 738 986 846 1066; x_wconf 88' lang='lat' dir='ltr'>tamen</span> <span class='ocrx_word' id='word_1_43' title='bbox 870 1005 902 1066; x_wconf 92' lang='lat' dir='ltr'>et</span> <span class='ocrx_word' id='word_1_44' title='bbox 924 1003 991 1065; x_wconf 87' lang='lat' dir='ltr'>istis</span> <span class='ocrx_word' id='word_1_45' title='bbox 1017 1005 1048 1065; x_wconf 90' lang='lat' dir='ltr'>et</span> <span class='ocrx_word' id='word_1_46' title='bbox 1071 1003 1132 1065; x_wconf 88' lang='lat' dir='ltr'>illis</span> <span class='ocrx_word' id='word_1_47' title='bbox 1156 1002 1304 1082; x_wconf 85' lang='lat' dir='ltr'>obsequio</span> <span class='ocrx_word' id='word_1_48' title='bbox 1327 1001 1417 1083; x_wconf 90' lang='lat' dir='ltr'>depu-</span> 
     </span>
     <span class='ocr_line' id='line_1_7' title="bbox 245 1106 1417 1190; baseline -0.003 -19"><span class='ocrx_word' id='word_1_49' title='bbox 245 1142 248 1146; x_wconf 94' lang='lat'>·</span> <span class='ocrx_word' id='word_1_50' title='bbox 282 1108 365 1187; x_wconf 78' lang='lat' dir='ltr'>tatia,</span> <span class='ocrx_word' id='word_1_51' title='bbox 389 1125 467 1188; x_wconf 85' lang='lat' dir='ltr'>quae</span> <span class='ocrx_word' id='word_1_52' title='bbox 490 1107 617 1189; x_wconf 80' lang='lat' dir='ltr'>perinde</span> <span class='ocrx_word' id='word_1_53' title='bbox 640 1126 695 1190; x_wconf 87' lang='lat' dir='ltr'>per</span> <span class='ocrx_word' id='word_1_54' title='bbox 717 1125 829 1188; x_wconf 86' lang='lat' dir='ltr'>eorpus</span> <span class='ocrx_word' id='word_1_55' title='bbox 845 1106 1015 1189; x_wconf 88' lang='lat' dir='ltr'>corporalia</span> <span class='ocrx_word' id='word_1_56' title='bbox 1031 1107 1145 1170; x_wconf 89' lang='lat' dir='ltr'>sentiat</span> <span class='ocrx_word' id='word_1_57' title='bbox 1160 1106 1417 1188; x_wconf 85' lang='lat' dir='ltr'>quemadmodum</span> 
     </span>
     <span class='ocr_line' id='line_1_8' title="bbox 280 1211 1418 1295; baseline -0.003 -20"><span class='ocrx_word' id='word_1_58' title='bbox 280 1232 336 1294; x_wconf 90' lang='lat' dir='ltr'>por</span> <span class='ocrx_word' id='word_1_59' title='bbox 359 1213 499 1275; x_wconf 91' lang='lat' dir='ltr'>animum</span> <span class='ocrx_word' id='word_1_60' title='bbox 522 1212 728 1294; x_wconf 87' lang='lat' dir='ltr'>incorporalia</span> <span class='ocrx_word' id='word_1_61' title='bbox 750 1212 927 1295; x_wconf 87' lang='lat' dir='ltr'>intellegat,</span> <span class='ocrx_word' id='word_1_62' title='bbox 959 1211 1045 1275; x_wconf 90' lang='lat' dir='ltr'>saluo</span> <span class='ocrx_word' id='word_1_63' title='bbox 1070 1229 1105 1275; x_wconf 94' lang='lat' dir='ltr'>eo</span> <span class='ocrx_word' id='word_1_64' title='bbox 1128 1215 1164 1274; x_wconf 90' lang='lat' dir='ltr'>ut</span> <span class='ocrx_word' id='word_1_65' title='bbox 1191 1212 1285 1274; x_wconf 88' lang='lat' dir='ltr'>etiarn</span> <span class='ocrx_word' id='word_1_66' title='bbox 1310 1211 1418 1274; x_wconf 91' lang='lat' dir='ltr'>sentiat</span> 
     </span>
     <span class='ocr_line' id='line_1_9' title="bbox 282 1315 1417 1399; baseline -0.002 -20"><span class='ocrx_word' id='word_1_67' title='bbox 282 1316 356 1379; x_wconf 93' lang='lat' dir='ltr'>dum</span> <span class='ocrx_word' id='word_1_68' title='bbox 379 1316 544 1398; x_wconf 89' lang='lat' dir='ltr'>intellegit.</span> <span class='ocrx_word' id='word_1_69' title='bbox 584 1334 646 1380; x_wconf 95' lang='lat' dir='ltr'>non</span> <span class='ocrx_word' id='word_1_70' title='bbox 670 1317 810 1380; x_wconf 88' lang='lat' dir='ltr'>enimet</span> <span class='ocrx_word' id='word_1_71' title='bbox 834 1318 948 1379; x_wconf 88' lang='lat' dir='ltr'>sentire</span> <span class='ocrx_word' id='word_1_72' title='bbox 972 1316 1155 1399; x_wconf 81' lang='lat' dir='ltr'>intellegere</span> <span class='ocrx_word' id='word_1_73' title='bbox 1180 1319 1228 1378; x_wconf 90' lang='lat' dir='ltr'>ost</span> <span class='ocrx_word' id='word_1_74' title='bbox 1251 1318 1282 1378; x_wconf 89' lang='lat' dir='ltr'>et</span> <span class='ocrx_word' id='word_1_75' title='bbox 1300 1315 1417 1378; x_wconf 90' lang='lat' dir='ltr'>intelle-</span> 
     </span>
    </p>

    <p class='ocr_par' dir='ltr' id='par_1_3' title="bbox 215 1417 1500 3583">
     <span class='ocr_line' id='line_1_10' title="bbox 215 1417 1500 1503; baseline -0.005 -21"><span class='ocrx_word' id='word_1_76' title='bbox 215 1454 217 1457; x_wconf 95' lang='lat'>·</span> <span class='ocrx_word' id='word_1_77' title='bbox 281 1439 354 1502; x_wconf 88' lang='lat' dir='ltr'>gere</span> <span class='ocrx_word' id='word_1_78' title='bbox 378 1420 493 1483; x_wconf 91' lang='lat' dir='ltr'>sentire</span> <span class='ocrx_word' id='word_1_79' title='bbox 516 1423 585 1483; x_wconf 80' lang='lat' dir='ltr'>est?</span> <span class='ocrx_word' id='word_1_80' title='bbox 606 1417 610 1503; x_wconf 81' lang='grc' dir='ltr'>Ι</span> <span class='ocrx_word' id='word_1_81' title='bbox 631 1423 685 1483; x_wconf 87' lang='lat' dir='ltr'>aui</span> <span class='ocrx_word' id='word_1_82' title='bbox 707 1420 782 1501; x_wconf 91' lang='lat' dir='ltr'>quid</span> <span class='ocrx_word' id='word_1_83' title='bbox 806 1421 865 1483; x_wconf 89' lang='lat' dir='ltr'>erit</span> <span class='ocrx_word' id='word_1_84' title='bbox 888 1439 1010 1499; x_wconf 91' lang='lat' dir='ltr'>sensus,</span> <span class='ocrx_word' id='word_1_85' title='bbox 1034 1420 1095 1483; x_wconf 92' lang='lat' dir='ltr'>nisi</span> <span class='ocrx_word' id='word_1_86' title='bbox 1115 1420 1182 1483; x_wconf 89' lang='lat' dir='ltr'>eius</span> <span class='ocrx_word' id='word_1_87' title='bbox 1198 1420 1244 1482; x_wconf 89' lang='lat' dir='ltr'>rei</span> <span class='ocrx_word' id='word_1_88' title='bbox 1259 1437 1336 1501; x_wconf 89' lang='lat' dir='ltr'>quac</span> <span class='ocrx_word' id='word_1_89' title='bbox 1351 1438 1417 1482; x_wconf 91' lang='lat' dir='ltr'>sen·</span> <span class='ocrx_word' id='word_1_90' title='bbox 1430 1424 1500 1478; x_wconf 78' lang='grc'>1131</span> 
     </span>
     <span class='ocr_line' id='line_1_11' title="bbox 230 1523 1416 1605; baseline -0.001 -18"><span class='ocrx_word' id='word_1_91' title='bbox 230 1549 255 1587; x_wconf 91' lang='lat'>10</span> <span class='ocrx_word' id='word_1_92' title='bbox 281 1525 357 1588; x_wconf 87' lang='lat' dir='ltr'>titur</span> <span class='ocrx_word' id='word_1_93' title='bbox 386 1524 585 1588; x_wconf 80' lang='lat' dir='ltr'>intellectus?</span> <span class='ocrx_word' id='word_1_94' title='bbox 631 1525 705 1605; x_wconf 91' lang='lat' dir='ltr'>quid</span> <span class='ocrx_word' id='word_1_95' title='bbox 729 1525 787 1588; x_wconf 90' lang='lat' dir='ltr'>erit</span> <span class='ocrx_word' id='word_1_96' title='bbox 810 1525 1004 1604; x_wconf 88' lang='lat' dir='ltr'>intellectus,</span> <span class='ocrx_word' id='word_1_97' title='bbox 1033 1525 1094 1588; x_wconf 89' lang='lat' dir='ltr'>nisi</span> <span class='ocrx_word' id='word_1_98' title='bbox 1117 1525 1182 1587; x_wconf 89' lang='lat' dir='ltr'>eius</span> <span class='ocrx_word' id='word_1_99' title='bbox 1205 1524 1251 1588; x_wconf 91' lang='lat' dir='ltr'>rei</span> <span class='ocrx_word' id='word_1_100' title='bbox 1274 1541 1350 1605; x_wconf 90' lang='lat' dir='ltr'>quae</span> <span class='ocrx_word' id='word_1_101' title='bbox 1369 1523 1416 1586; x_wconf 94' lang='lat' dir='ltr'>in-</span> 
     </span>
     <span class='ocr_line' id='line_1_12' title="bbox 280 1628 1414 1711; baseline -0.001 -20"><span class='ocrx_word' id='word_1_102' title='bbox 280 1629 440 1711; x_wconf 88' lang='lat' dir='ltr'>tellegitur</span> <span class='ocrx_word' id='word_1_103' title='bbox 464 1632 597 1692; x_wconf 80' lang='lat' dir='ltr'>sensus?</span> <span class='ocrx_word' id='word_1_104' title='bbox 643 1630 725 1692; x_wconf 89' lang='lat' dir='ltr'>unde</span> <span class='ocrx_word' id='word_1_105' title='bbox 748 1629 810 1692; x_wconf 88' lang='lat' dir='ltr'>ista</span> <span class='ocrx_word' id='word_1_106' title='bbox 834 1632 991 1692; x_wconf 87' lang='lat' dir='ltr'>tormenta</span> <span class='ocrx_word' id='word_1_107' title='bbox 1015 1629 1198 1693; x_wconf 80' lang='lat' dir='ltr'>cruciandae</span> <span class='ocrx_word' id='word_1_108' title='bbox 1215 1628 1414 1710; x_wconf 86' lang='lat' dir='ltr'>simplicitatis</span> 
     </span>
     <span class='ocr_line' id='line_1_13' title="bbox 282 1731 1413 1815; baseline -0.001 -20"><span class='ocrx_word' id='word_1_109' title='bbox 282 1736 314 1796; x_wconf 91' lang='lat' dir='ltr'>et</span> <span class='ocrx_word' id='word_1_110' title='bbox 345 1733 581 1815; x_wconf 90' lang='lat' dir='ltr'>suspendendae</span> <span class='ocrx_word' id='word_1_111' title='bbox 611 1733 777 1796; x_wconf 74' lang='lat' dir='ltr'>ueritatis?</span> <span class='ocrx_word' id='word_1_112' title='bbox 823 1733 891 1814; x_wconf 89' lang='lat' dir='ltr'>quis</span> <span class='ocrx_word' id='word_1_113' title='bbox 923 1733 999 1796; x_wconf 91' lang='lat' dir='ltr'>mihi</span> <span class='ocrx_word' id='word_1_114' title='bbox 1027 1731 1186 1796; x_wconf 83' lang='lat' dir='ltr'>exhibebit</span> <span class='ocrx_word' id='word_1_115' title='bbox 1210 1751 1336 1796; x_wconf 88' lang='lat' dir='ltr'>sensum</span> <span class='ocrx_word' id='word_1_116' title='bbox 1357 1750 1413 1795; x_wconf 92' lang='lat' dir='ltr'>non</span> 
     </span>
     <span class='ocr_line' id='line_1_14' title="bbox 281 1837 1414 1919; baseline 0 -20"><span class='ocrx_word' id='word_1_117' title='bbox 281 1837 517 1919; x_wconf 87' lang='lat' dir='ltr'>intellegentem</span> <span class='ocrx_word' id='word_1_118' title='bbox 541 1837 622 1919; x_wconf 91' lang='lat' dir='ltr'>quod</span> <span class='ocrx_word' id='word_1_119' title='bbox 646 1839 741 1900; x_wconf 88' lang='lat' dir='ltr'>sentit</span> <span class='ocrx_word' id='word_1_120' title='bbox 764 1840 818 1900; x_wconf 87' lang='lat' dir='ltr'>aut</span> <span class='ocrx_word' id='word_1_121' title='bbox 841 1838 1034 1901; x_wconf 88' lang='lat' dir='ltr'>intellectum</span> <span class='ocrx_word' id='word_1_122' title='bbox 1056 1855 1117 1900; x_wconf 92' lang='lat' dir='ltr'>non</span> <span class='ocrx_word' id='word_1_123' title='bbox 1134 1837 1323 1900; x_wconf 89' lang='lat' dir='ltr'>sentientem</span> <span class='ocrx_word' id='word_1_124' title='bbox 1339 1837 1414 1916; x_wconf 92' lang='lat' dir='ltr'>quod</span> 
     </span>
     <span class='ocr_line' id='line_1_15' title="bbox 280 1940 1415 2024; baseline 0 -22"><span class='ocrx_word' id='word_1_125' title='bbox 280 1940 448 2024; x_wconf 85' lang='lat' dir='ltr'>intellegit,</span> <span class='ocrx_word' id='word_1_126' title='bbox 479 1944 515 2004; x_wconf 91' lang='lat' dir='ltr'>ut</span> <span class='ocrx_word' id='word_1_127' title='bbox 541 1940 652 2022; x_wconf 86' lang='lat' dir='ltr'>probet</span> <span class='ocrx_word' id='word_1_128' title='bbox 675 1942 809 2004; x_wconf 90' lang='lat' dir='ltr'>alterum</span> <span class='ocrx_word' id='word_1_129' title='bbox 834 1941 900 2003; x_wconf 88' lang='lat' dir='ltr'>sino</span> <span class='ocrx_word' id='word_1_130' title='bbox 924 1942 1021 2004; x_wconf 87' lang='lat' dir='ltr'>altero</span> <span class='ocrx_word' id='word_1_131' title='bbox 1044 1945 1158 2023; x_wconf 82' lang='lat' dir='ltr'>posse?</span> <span class='ocrx_word' id='word_1_132' title='bbox 1204 1941 1229 2004; x_wconf 90' lang='lat' dir='ltr'>si</span> <span class='ocrx_word' id='word_1_133' title='bbox 1253 1941 1415 2023; x_wconf 86' lang='lat' dir='ltr'>corporalia</span> 
     </span>
     <span class='ocr_line' id='line_1_16' title="bbox 229 2045 1415 2128; baseline 0 -20"><span class='ocrx_word' id='word_1_134' title='bbox 229 2071 253 2109; x_wconf 87' lang='lat'>15</span> <span class='ocrx_word' id='word_1_135' title='bbox 280 2045 407 2127; x_wconf 91' lang='lat' dir='ltr'>quidem</span> <span class='ocrx_word' id='word_1_136' title='bbox 423 2045 610 2125; x_wconf 87' lang='lat' dir='ltr'>sentiuntur,</span> <span class='ocrx_word' id='word_1_137' title='bbox 626 2045 832 2127; x_wconf 89' lang='lat' dir='ltr'>incorporalia</span> <span class='ocrx_word' id='word_1_138' title='bbox 848 2062 921 2108; x_wconf 88' lang='lat' dir='ltr'>uero</span> <span class='ocrx_word' id='word_1_139' title='bbox 937 2046 1175 2128; x_wconf 88' lang='lat' dir='ltr'>intelleguntur,</span> <span class='ocrx_word' id='word_1_140' title='bbox 1190 2064 1296 2108; x_wconf 89' lang='lat' dir='ltr'>rerum</span> <span class='ocrx_word' id='word_1_141' title='bbox 1308 2063 1415 2128; x_wconf 90' lang='lat' dir='ltr'>genera</span> 
     </span>
     <span class='ocr_line' id='line_1_17' title="bbox 280 2150 1414 2229; baseline -0.001 -17"><span class='ocrx_word' id='word_1_142' title='bbox 280 2150 405 2212; x_wconf 90' lang='lat' dir='ltr'>diuersa</span> <span class='ocrx_word' id='word_1_143' title='bbox 436 2152 523 2228; x_wconf 86' lang='lat' dir='ltr'>sunt,</span> <span class='ocrx_word' id='word_1_144' title='bbox 554 2168 616 2213; x_wconf 95' lang='lat' dir='ltr'>non</span> <span class='ocrx_word' id='word_1_145' title='bbox 647 2150 802 2213; x_wconf 87' lang='lat' dir='ltr'>domicilia</span> <span class='ocrx_word' id='word_1_146' title='bbox 825 2169 936 2212; x_wconf 91' lang='lat' dir='ltr'>sensus</span> <span class='ocrx_word' id='word_1_147' title='bbox 961 2153 991 2212; x_wconf 89' lang='lat' dir='ltr'>ot</span> <span class='ocrx_word' id='word_1_148' title='bbox 1013 2150 1206 2229; x_wconf 88' lang='lat' dir='ltr'>intellectus,</span> <span class='ocrx_word' id='word_1_149' title='bbox 1237 2150 1268 2212; x_wconf 92' lang='lat' dir='ltr'>id</span> <span class='ocrx_word' id='word_1_150' title='bbox 1291 2152 1337 2212; x_wconf 88' lang='lat' dir='ltr'>est</span> <span class='ocrx_word' id='word_1_151' title='bbox 1358 2166 1414 2212; x_wconf 93' lang='lat' dir='ltr'>non</span> 
     </span>
     <span class='ocr_line' id='line_1_18' title="bbox 281 2253 1414 2336; baseline 0.001 -21"><span class='ocrx_word' id='word_1_152' title='bbox 281 2255 441 2316; x_wconf 78' lang='lat' dir='ltr'>animast</span> <span class='ocrx_word' id='word_1_153' title='bbox 465 2255 597 2316; x_wconf 88' lang='lat' dir='ltr'>animus.</span> <span class='ocrx_word' id='word_1_154' title='bbox 637 2254 769 2334; x_wconf 90' lang='lat' dir='ltr'>denique</span> <span class='ocrx_word' id='word_1_155' title='bbox 793 2272 812 2316; x_wconf 91' lang='grc'>1</span> <span class='ocrx_word' id='word_1_156' title='bbox 836 2272 896 2334; x_wconf 89' lang='lat' dir='ltr'>quo</span> <span class='ocrx_word' id='word_1_157' title='bbox 920 2256 1095 2318; x_wconf 86' lang='lat' dir='ltr'>sentiuntur</span> <span class='ocrx_word' id='word_1_158' title='bbox 1119 2254 1310 2336; x_wconf 82' lang='lat' dir='ltr'>corporalia?</span> <span class='ocrx_word' id='word_1_159' title='bbox 1334 2254 1357 2316; x_wconf 91' lang='lat' dir='ltr'>si</span> <span class='ocrx_word' id='word_1_160' title='bbox 1378 2253 1414 2316; x_wconf 86' lang='lat' dir='ltr'>ab</span> 
     </span>
     <span class='ocr_line' id='line_1_19' title="bbox 281 2358 1414 2440; baseline -0.001 -20"><span class='ocrx_word' id='word_1_161' title='bbox 281 2358 395 2437; x_wconf 89' lang='lat' dir='ltr'>animo,</span> <span class='ocrx_word' id='word_1_162' title='bbox 419 2376 492 2440; x_wconf 86' lang='lat' dir='ltr'>ergo</span> <span class='ocrx_word' id='word_1_163' title='bbox 508 2358 571 2420; x_wconf 91' lang='lat' dir='ltr'>iam</span> <span class='ocrx_word' id='word_1_164' title='bbox 594 2361 625 2420; x_wconf 90' lang='lat' dir='ltr'>et</span> <span class='ocrx_word' id='word_1_165' title='bbox 648 2358 801 2421; x_wconf 89' lang='lat' dir='ltr'>sensualis</span> <span class='ocrx_word' id='word_1_166' title='bbox 826 2361 875 2420; x_wconf 89' lang='lat' dir='ltr'>est</span> <span class='ocrx_word' id='word_1_167' title='bbox 897 2358 1032 2438; x_wconf 90' lang='lat' dir='ltr'>animus,</span> <span class='ocrx_word' id='word_1_168' title='bbox 1056 2375 1119 2421; x_wconf 93' lang='lat' dir='ltr'>non</span> <span class='ocrx_word' id='word_1_169' title='bbox 1143 2361 1266 2421; x_wconf 86' lang='lat' dir='ltr'>tanturn</span> <span class='ocrx_word' id='word_1_170' title='bbox 1283 2358 1414 2420; x_wconf 86' lang='lat' dir='ltr'>intellec-</span> 
     </span>
     <span class='ocr_line' id='line_1_20' title="bbox 280 2461 1414 2544; baseline 0 -20"><span class='ocrx_word' id='word_1_171' title='bbox 280 2462 385 2540; x_wconf 73' lang='lat' dir='ltr'>tualis</span> <span class='ocrx_word' id='word_1_172' title='bbox 409 2479 482 2524; x_wconf 86' lang='lat' dir='ltr'>narn</span> <span class='ocrx_word' id='word_1_173' title='bbox 506 2461 582 2524; x_wconf 93' lang='lat' dir='ltr'>dum</span> <span class='ocrx_word' id='word_1_174' title='bbox 604 2462 769 2544; x_wconf 84' lang='lat' dir='ltr'>intellegit,</span> <span class='ocrx_word' id='word_1_175' title='bbox 801 2462 907 2541; x_wconf 84' lang='lat' dir='ltr'>sentit,</span> <span class='ocrx_word' id='word_1_176' title='bbox 939 2463 1010 2542; x_wconf 92' lang='lat' dir='ltr'>quia</span> <span class='ocrx_word' id='word_1_177' title='bbox 1034 2462 1146 2526; x_wconf 90' lang='lat' dir='ltr'>sinon</span> <span class='ocrx_word' id='word_1_178' title='bbox 1170 2465 1274 2542; x_wconf 90' lang='lat' dir='ltr'>sent&#39;t,</span> <span class='ocrx_word' id='word_1_179' title='bbox 1298 2480 1354 2525; x_wconf 90' lang='lat' dir='ltr'>nec</span> <span class='ocrx_word' id='word_1_180' title='bbox 1371 2462 1414 2524; x_wconf 93' lang='grc'>111-</span> 
     </span>
     <span class='ocr_line' id='line_1_21' title="bbox 226 2565 1415 2649; baseline 0 -21"><span class='ocrx_word' id='word_1_181' title='bbox 226 2590 252 2628; x_wconf 73' lang='lat' dir='ltr'>eo</span> <span class='ocrx_word' id='word_1_182' title='bbox 280 2565 414 2648; x_wconf 86' lang='lat' dir='ltr'>tellegit:</span> <span class='ocrx_word' id='word_1_183' title='bbox 446 2565 472 2627; x_wconf 91' lang='lat' dir='ltr'>si</span> <span class='ocrx_word' id='word_1_184' title='bbox 503 2583 575 2628; x_wconf 92' lang='lat' dir='ltr'>uero</span> <span class='ocrx_word' id='word_1_185' title='bbox 607 2565 645 2628; x_wconf 86' lang='lat' dir='ltr'>ab</span> <span class='ocrx_word' id='word_1_186' title='bbox 674 2566 779 2629; x_wconf 90' lang='lat' dir='ltr'>anima</span> <span class='ocrx_word' id='word_1_187' title='bbox 803 2566 974 2647; x_wconf 89' lang='lat' dir='ltr'>corporalia</span> <span class='ocrx_word' id='word_1_188' title='bbox 997 2567 1186 2646; x_wconf 91' lang='lat' dir='ltr'>sentiuntur,</span> <span class='ocrx_word' id='word_1_189' title='bbox 1209 2567 1272 2629; x_wconf 93' lang='lat' dir='ltr'>iam</span> <span class='ocrx_word' id='word_1_190' title='bbox 1296 2568 1415 2649; x_wconf 91' lang='lat' dir='ltr'>ergoet</span> 
     </span>
     <span class='ocr_line' id='line_1_22' title="bbox 280 2669 1414 2750; baseline 0 -18"><span class='ocrx_word' id='word_1_191' title='bbox 280 2669 501 2732; x_wconf 88' lang='lat' dir='ltr'>intellectualis</span> <span class='ocrx_word' id='word_1_192' title='bbox 525 2673 573 2732; x_wconf 90' lang='lat' dir='ltr'>est</span> <span class='ocrx_word' id='word_1_193' title='bbox 595 2669 642 2731; x_wconf 90' lang='lat' dir='ltr'>uis</span> <span class='ocrx_word' id='word_1_194' title='bbox 666 2670 800 2749; x_wconf 90' lang='lat' dir='ltr'>animae,</span> <span class='ocrx_word' id='word_1_195' title='bbox 829 2688 891 2733; x_wconf 93' lang='lat' dir='ltr'>non</span> <span class='ocrx_word' id='word_1_196' title='bbox 914 2673 1038 2733; x_wconf 89' lang='lat' dir='ltr'>tantum</span> <span class='ocrx_word' id='word_1_197' title='bbox 1062 2670 1225 2750; x_wconf 90' lang='lat' dir='ltr'>sensualis,</span> <span class='ocrx_word' id='word_1_198' title='bbox 1250 2689 1322 2734; x_wconf 91' lang='lat' dir='ltr'>nam</span> <span class='ocrx_word' id='word_1_199' title='bbox 1346 2670 1414 2732; x_wconf 91' lang='lat' dir='ltr'>dum</span> 
     </span>
     <span class='ocr_line' id='line_1_23' title="bbox 279 2773 1415 2857; baseline 0.001 -22"><span class='ocrx_word' id='word_1_200' title='bbox 279 2775 388 2853; x_wconf 88' lang='lat' dir='ltr'>sentit,</span> <span class='ocrx_word' id='word_1_201' title='bbox 411 2773 579 2856; x_wconf 91' lang='lat' dir='ltr'>intellegit,</span> <span class='ocrx_word' id='word_1_202' title='bbox 603 2774 676 2854; x_wconf 84' lang='lat' dir='ltr'>quia</span> <span class='ocrx_word' id='word_1_203' title='bbox 700 2775 809 2838; x_wconf 88' lang='lat' dir='ltr'>sinon</span> <span class='ocrx_word' id='word_1_204' title='bbox 834 2775 998 2857; x_wconf 88' lang='lat' dir='ltr'>intellegit,</span> <span class='ocrx_word' id='word_1_205' title='bbox 1023 2794 1079 2838; x_wconf 86' lang='lat' dir='ltr'>nec</span> <span class='ocrx_word' id='word_1_206' title='bbox 1103 2775 1207 2838; x_wconf 88' lang='lat' dir='ltr'>sent&#39;t.</span> <span class='ocrx_word' id='word_1_207' title='bbox 1253 2775 1378 2857; x_wconf 91' lang='lat' dir='ltr'>perinde</span> <span class='ocrx_word' id='word_1_208' title='bbox 1398 2792 1415 2836; x_wconf 91' lang='grc'>1</span> 
     </span>
     <span class='ocr_line' id='line_1_24' title="bbox 279 2878 1414 2960; baseline 0 -20"><span class='ocrx_word' id='word_1_209' title='bbox 279 2896 339 2957; x_wconf 92' lang='lat' dir='ltr'>quo</span> <span class='ocrx_word' id='word_1_210' title='bbox 372 2878 597 2960; x_wconf 87' lang='lat' dir='ltr'>intelleguntur</span> <span class='ocrx_word' id='word_1_211' title='bbox 619 2879 845 2959; x_wconf 77' lang='lat' dir='ltr'>incorporalia?</span> <span class='ocrx_word' id='word_1_212' title='bbox 877 2881 903 2942; x_wconf 91' lang='lat' dir='ltr'>si</span> <span class='ocrx_word' id='word_1_213' title='bbox 926 2878 965 2943; x_wconf 90' lang='lat' dir='ltr'>ab</span> <span class='ocrx_word' id='word_1_214' title='bbox 990 2880 1107 2959; x_wconf 91' lang='lat' dir='ltr'>animo,</span> <span class='ocrx_word' id='word_1_215' title='bbox 1138 2879 1191 2942; x_wconf 81' lang='lat' dir='ltr'>uti</span> <span class='ocrx_word' id='word_1_216' title='bbox 1215 2879 1275 2943; x_wconf 87' lang='lat' dir='ltr'>erit</span> <span class='ocrx_word' id='word_1_217' title='bbox 1298 2880 1414 2942; x_wconf 82' lang='lat' dir='ltr'>anima?</span> 
     </span>
     <span class='ocr_line' id='line_1_25' title="bbox 280 2981 1414 3064; baseline 0.003 -21"><span class='ocrx_word' id='word_1_218' title='bbox 280 2982 307 3043; x_wconf 89' lang='lat' dir='ltr'>si</span> <span class='ocrx_word' id='word_1_219' title='bbox 330 2981 370 3044; x_wconf 88' lang='lat' dir='ltr'>ab</span> <span class='ocrx_word' id='word_1_220' title='bbox 394 2982 509 3061; x_wconf 91' lang='lat' dir='ltr'>anima,</span> <span class='ocrx_word' id='word_1_221' title='bbox 534 2983 586 3045; x_wconf 85' lang='lat' dir='ltr'>uoi</span> <span class='ocrx_word' id='word_1_222' title='bbox 610 2984 669 3046; x_wconf 89' lang='lat' dir='ltr'>erit</span> <span class='ocrx_word' id='word_1_223' title='bbox 692 2983 837 3046; x_wconf 75' lang='lat' dir='ltr'>animus?</span> <span class='ocrx_word' id='word_1_224' title='bbox 880 3002 959 3064; x_wconf 92' lang='lat' dir='ltr'>quae</span> <span class='ocrx_word' id='word_1_225' title='bbox 984 2984 1067 3046; x_wconf 92' lang='lat' dir='ltr'>enim</span> <span class='ocrx_word' id='word_1_226' title='bbox 1091 2983 1217 3063; x_wconf 89' lang='lat' dir='ltr'>distant,</span> <span class='ocrx_word' id='word_1_227' title='bbox 1243 2983 1414 3046; x_wconf 76' lang='grc'>1111111111-</span> 
     </span>
     <span class='ocr_line' id='line_1_26' title="bbox 226 3085 1420 3169; baseline 0 -21"><span class='ocrx_word' id='word_1_228' title='bbox 226 3110 251 3148; x_wconf 73' lang='grc'>15</span> <span class='ocrx_word' id='word_1_229' title='bbox 281 3085 383 3148; x_wconf 90' lang='lat' dir='ltr'>uicem</span> <span class='ocrx_word' id='word_1_230' title='bbox 406 3086 530 3165; x_wconf 87' lang='lat' dir='ltr'>debent,</span> <span class='ocrx_word' id='word_1_231' title='bbox 555 3105 627 3149; x_wconf 89' lang='lat' dir='ltr'>oum</span> <span class='ocrx_word' id='word_1_232' title='bbox 650 3087 715 3149; x_wconf 90' lang='lat' dir='ltr'>suis</span> <span class='ocrx_word' id='word_1_233' title='bbox 739 3087 921 3150; x_wconf 85' lang='lat' dir='ltr'>muneribus</span> <span class='ocrx_word' id='word_1_234' title='bbox 945 3091 1121 3169; x_wconf 88' lang='lat' dir='ltr'>operantur.</span> <span class='ocrx_word' id='word_1_235' title='bbox 1156 3087 1281 3169; x_wconf 84' lang='lat' dir='ltr'>putabis</span> <span class='ocrx_word' id='word_1_236' title='bbox 1298 3087 1420 3168; x_wconf 90' lang='lat' dir='ltr'>quidem·</span> 
     </span>
     <span class='ocr_line' id='line_1_27' title="bbox 279 3189 1414 3271; baseline 0.003 -20"><span class='ocrx_word' id='word_1_237' title='bbox 279 3189 390 3252; x_wconf 87' lang='lat' dir='ltr'>abesse</span> <span class='ocrx_word' id='word_1_238' title='bbox 414 3190 555 3253; x_wconf 91' lang='lat' dir='ltr'>animum</span> <span class='ocrx_word' id='word_1_239' title='bbox 579 3191 618 3254; x_wconf 84' lang='lat' dir='ltr'>ab</span> <span class='ocrx_word' id='word_1_240' title='bbox 642 3193 757 3270; x_wconf 90' lang='lat' dir='ltr'>anima,</span> <span class='ocrx_word' id='word_1_241' title='bbox 782 3191 809 3254; x_wconf 89' lang='lat' dir='ltr'>si</span> <span class='ocrx_word' id='word_1_242' title='bbox 826 3192 950 3271; x_wconf 90' lang='lat' dir='ltr'>quando</span> <span class='ocrx_word' id='word_1_243' title='bbox 967 3192 1071 3255; x_wconf 89' lang='lat' dir='ltr'>animo</span> <span class='ocrx_word' id='word_1_244' title='bbox 1087 3192 1131 3255; x_wconf 88' lang='lat' dir='ltr'>ita</span> <span class='ocrx_word' id='word_1_245' title='bbox 1147 3191 1302 3255; x_wconf 87' lang='lat' dir='ltr'>afficimur</span> <span class='ocrx_word' id='word_1_246' title='bbox 1317 3195 1352 3254; x_wconf 89' lang='lat' dir='ltr'>ut</span> <span class='ocrx_word' id='word_1_247' title='bbox 1366 3210 1414 3254; x_wconf 89' lang='lat' dir='ltr'>ne·</span> 
     </span>
     <span class='ocr_line' id='line_1_28' title="bbox 279 3294 1412 3376; baseline 0.001 -21"><span class='ocrx_word' id='word_1_248' title='bbox 279 3295 415 3356; x_wconf 90' lang='lat' dir='ltr'>sciamus</span> <span class='ocrx_word' id='word_1_249' title='bbox 439 3311 495 3356; x_wconf 93' lang='lat' dir='ltr'>nos</span> <span class='ocrx_word' id='word_1_250' title='bbox 519 3294 635 3357; x_wconf 92' lang='lat' dir='ltr'>uidisse</span> <span class='ocrx_word' id='word_1_251' title='bbox 659 3294 734 3375; x_wconf 93' lang='lat' dir='ltr'>quid</span> <span class='ocrx_word' id='word_1_252' title='bbox 756 3296 809 3358; x_wconf 90' lang='lat' dir='ltr'>uel</span> <span class='ocrx_word' id='word_1_253' title='bbox 832 3296 966 3375; x_wconf 91' lang='lat' dir='ltr'>audisse,</span> <span class='ocrx_word' id='word_1_254' title='bbox 991 3296 1064 3376; x_wconf 92' lang='lat' dir='ltr'>quia</span> <span class='ocrx_word' id='word_1_255' title='bbox 1087 3295 1162 3358; x_wconf 88' lang='lat' dir='ltr'>alibi</span> <span class='ocrx_word' id='word_1_256' title='bbox 1177 3295 1272 3359; x_wconf 87' lang='lat' dir='ltr'>fuerit</span> <span class='ocrx_word' id='word_1_257' title='bbox 1288 3296 1412 3360; x_wconf 90' lang='lat' dir='ltr'>animus.</span> 
     </span>
     <span class='ocr_line' id='line_1_29' title="bbox 279 3398 1412 3480; baseline 0.001 -20"><span class='ocrx_word' id='word_1_258' title='bbox 279 3398 355 3461; x_wconf 94' lang='lat' dir='ltr'>adeo</span> <span class='ocrx_word' id='word_1_259' title='bbox 379 3399 564 3461; x_wconf 88' lang='lat' dir='ltr'>contendam</span> <span class='ocrx_word' id='word_1_260' title='bbox 586 3399 683 3462; x_wconf 92' lang='lat' dir='ltr'>immo</span> <span class='ocrx_word' id='word_1_261' title='bbox 706 3399 808 3480; x_wconf 89' lang='lat' dir='ltr'>ipsam</span> <span class='ocrx_word' id='word_1_262' title='bbox 832 3400 970 3463; x_wconf 91' lang='lat' dir='ltr'>animam</span> <span class='ocrx_word' id='word_1_263' title='bbox 994 3418 1051 3462; x_wconf 92' lang='lat' dir='ltr'>neo</span> <span class='ocrx_word' id='word_1_264' title='bbox 1074 3399 1190 3463; x_wconf 90' lang='lat' dir='ltr'>uidisse</span> <span class='ocrx_word' id='word_1_265' title='bbox 1214 3400 1412 3477; x_wconf 78' lang='lat' dir='ltr'>recondisse,</span> 
     </span>
     <span class='ocr_line' id='line_1_30' title="bbox 278 3502 1413 3583; baseline 0 -19"><span class='ocrx_word' id='word_1_266' title='bbox 278 3502 352 3583; x_wconf 91' lang='lat' dir='ltr'>quia</span> <span class='ocrx_word' id='word_1_267' title='bbox 372 3502 446 3566; x_wconf 87' lang='lat' dir='ltr'>alibi</span> <span class='ocrx_word' id='word_1_268' title='bbox 461 3503 556 3565; x_wconf 85' lang='lat' dir='ltr'>luerit</span> <span class='ocrx_word' id='word_1_269' title='bbox 571 3521 642 3565; x_wconf 89' lang='lat' dir='ltr'>oum</span> <span class='ocrx_word' id='word_1_270' title='bbox 659 3521 716 3566; x_wconf 90' lang='lat' dir='ltr'>sua</span> <span class='ocrx_word' id='word_1_271' title='bbox 731 3503 774 3583; x_wconf 91' lang='lat' dir='ltr'>ui,</span> <span class='ocrx_word' id='word_1_272' title='bbox 790 3503 822 3566; x_wconf 93' lang='lat' dir='ltr'>id</span> <span class='ocrx_word' id='word_1_273' title='bbox 839 3508 887 3567; x_wconf 92' lang='lat' dir='ltr'>est</span> <span class='ocrx_word' id='word_1_274' title='bbox 903 3504 1015 3567; x_wconf 91' lang='lat' dir='ltr'>animo.</span> <span class='ocrx_word' id='word_1_275' title='bbox 1044 3521 1117 3567; x_wconf 89' lang='lat' dir='ltr'>narn</span> <span class='ocrx_word' id='word_1_276' title='bbox 1135 3507 1254 3567; x_wconf 90' lang='lat' dir='ltr'>etcum</span> <span class='ocrx_word' id='word_1_277' title='bbox 1270 3503 1413 3566; x_wconf 88' lang='lat' dir='ltr'>dementit</span> 
     </span>
    </p>
   </div>
   <div class='ocr_carea' id='block_1_3' title="bbox 276 3655 1413 4409">
    <p class='ocr_par' dir='ltr' id='par_1_4' title="bbox 276 3655 1413 4409">
     <span class='ocr_line' id='line_1_31' title="bbox 322 3655 1412 3726; baseline 0 -16"><span class='ocrx_word' id='word_1_278' title='bbox 322 3658 335 3710; x_wconf 92' lang='lat'>1</span> <span class='ocrx_word' id='word_1_279' title='bbox 364 3655 507 3724; x_wconf 85' lang='lat' dir='ltr'>adspirarit</span> <span class='ocrx_word' id='word_1_280' title='bbox 530 3658 599 3725; x_wconf 79' lang='lat' dir='ltr'>Rip:</span> <span class='ocrx_word' id='word_1_281' title='bbox 626 3656 774 3725; x_wconf 89' lang='lat' dir='ltr'>adspiraret</span> <span class='ocrx_word' id='word_1_282' title='bbox 796 3659 860 3724; x_wconf 91' lang='lat' dir='ltr'>AB,</span> <span class='ocrx_word' id='word_1_283' title='bbox 888 3657 1037 3725; x_wconf 82' lang='lat' dir='ltr'>adspiraret</span> <span class='ocrx_word' id='word_1_284' title='bbox 1064 3658 1192 3713; x_wconf 78' lang='lat' dir='ltr'>Priorius</span> <span class='ocrx_word' id='word_1_285' title='bbox 1264 3661 1279 3712; x_wconf 88' lang='lat'>5</span> <span class='ocrx_word' id='word_1_286' title='bbox 1307 3657 1412 3726; x_wconf 89' lang='lat' dir='ltr'>aputA</span> 
     </span>
     <span class='ocr_line' id='line_1_32' title="bbox 278 3741 1411 3813; baseline 0 -19"><span class='ocrx_word' id='word_1_287' title='bbox 278 3741 404 3809; x_wconf 90' lang='lat' dir='ltr'>obsequio</span> <span class='ocrx_word' id='word_1_288' title='bbox 423 3761 473 3798; x_wconf 83' lang='lat' dir='ltr'>ono.</span> <span class='ocrx_word' id='word_1_289' title='bbox 493 3744 520 3796; x_wconf 98' lang='lat' dir='ltr'><strong><em>A</em></strong></span> <span class='ocrx_word' id='word_1_290' title='bbox 575 3745 607 3798; x_wconf 91' lang='grc'>12</span> <span class='ocrx_word' id='word_1_291' title='bbox 626 3743 774 3811; x_wconf 87' lang='lat' dir='ltr'>suspendae</span> <span class='ocrx_word' id='word_1_292' title='bbox 792 3744 820 3796; x_wconf 90' lang='lat' dir='ltr'><strong><em>A</em></strong></span> <span class='ocrx_word' id='word_1_293' title='bbox 879 3746 911 3799; x_wconf 83' lang='lat'>14</span> <span class='ocrx_word' id='word_1_294' title='bbox 930 3744 986 3796; x_wconf 90' lang='lat' dir='ltr'>sine</span> <span class='ocrx_word' id='word_1_295' title='bbox 1005 3746 1086 3813; x_wconf 72' lang='lat' dir='ltr'>Bury,</span> <span class='ocrx_word' id='word_1_296' title='bbox 1104 3760 1134 3796; x_wconf 83' lang='lat' dir='ltr'>ex</span> <span class='ocrx_word' id='word_1_297' title='bbox 1152 3745 1216 3812; x_wconf 89' lang='lat' dir='ltr'>AB,</span> <span class='ocrx_word' id='word_1_298' title='bbox 1235 3744 1337 3798; x_wconf 85' lang='lat' dir='ltr'>excluso</span> <span class='ocrx_word' id='word_1_299' title='bbox 1355 3746 1411 3812; x_wconf 79' lang='lat' dir='ltr'>fort</span> 
     </span>
     <span class='ocr_line' id='line_1_33' title="bbox 279 3829 1413 3898; baseline -0.003 -14"><span class='ocrx_word' id='word_1_300' title='bbox 279 3832 311 3884; x_wconf 92' lang='lat'>18</span> <span class='ocrx_word' id='word_1_301' title='bbox 331 3829 432 3898; x_wconf 90' lang='lat' dir='ltr'>animo]</span> <span class='ocrx_word' id='word_1_302' title='bbox 452 3830 542 3882; x_wconf 91' lang='lat' dir='ltr'>anima</span> <span class='ocrx_word' id='word_1_303' title='bbox 557 3830 608 3884; x_wconf 83' lang='lat' dir='ltr'>Gel</span> <span class='ocrx_word' id='word_1_304' title='bbox 659 3829 892 3884; x_wconf 88' lang='lat' dir='ltr'>intellectuarisA</span> <span class='ocrx_word' id='word_1_305' title='bbox 947 3832 979 3885; x_wconf 85' lang='grc'>19</span> <span class='ocrx_word' id='word_1_306' title='bbox 992 3830 1054 3896; x_wconf 91' lang='lat' dir='ltr'>quia</span> <span class='ocrx_word' id='word_1_307' title='bbox 1072 3831 1095 3883; x_wconf 88' lang='lat' dir='ltr'>si</span> <span class='ocrx_word' id='word_1_308' title='bbox 1110 3831 1173 3885; x_wconf 75' lang='lat' dir='ltr'>seo.-</span> <span class='ocrx_word' id='word_1_309' title='bbox 1192 3831 1307 3897; x_wconf 87' lang='lat' dir='ltr'>quasiB</span> <span class='ocrx_word' id='word_1_310' title='bbox 1358 3830 1413 3897; x_wconf 84' lang='lat' dir='ltr'>quia</span> 
     </span>
     <span class='ocr_line' id='line_1_34' title="bbox 278 3915 1411 3986; baseline 0.001 -19"><span class='ocrx_word' id='word_1_311' title='bbox 278 3915 469 3983; x_wconf 86' lang='lat' dir='ltr'>si—intellegit</span> <span class='ocrx_word' id='word_1_312' title='bbox 478 3918 571 3984; x_wconf 74' lang='lat' dir='ltr'>oueA,</span> <span class='ocrx_word' id='word_1_313' title='bbox 581 3915 623 3969; x_wconf 88' lang='lat' dir='ltr'>‘al</span> <span class='ocrx_word' id='word_1_314' title='bbox 631 3915 735 3970; x_wconf 86' lang='lat' dir='ltr'>desunt’</span> <span class='ocrx_word' id='word_1_315' title='bbox 745 3918 818 3986; x_wconf 77' lang='lat' dir='ltr'>Bmp</span> <span class='ocrx_word' id='word_1_316' title='bbox 865 3920 898 3972; x_wconf 82' lang='lat'>20</span> <span class='ocrx_word' id='word_1_317' title='bbox 909 3919 935 3970; x_wconf 84' lang='lat' dir='ltr'>et</span> <span class='ocrx_word' id='word_1_318' title='bbox 945 3915 1132 3970; x_wconf 87' lang='lat' dir='ltr'>intellectualis</span> <span class='ocrx_word' id='word_1_319' title='bbox 1142 3918 1178 3984; x_wconf 87' lang='lat' dir='ltr'>B,</span> <span class='ocrx_word' id='word_1_320' title='bbox 1187 3917 1372 3971; x_wconf 90' lang='lat' dir='ltr'>intellectualis</span> <span class='ocrx_word' id='word_1_321' title='bbox 1380 3917 1411 3978; x_wconf 90' lang='lat' dir='ltr'>A,</span> 
     </span>
     <span class='ocr_line' id='line_1_35' title="bbox 277 4001 1411 4072; baseline 0 -18"><span class='ocrx_word' id='word_1_322' title='bbox 277 4001 428 4055; x_wconf 88' lang='lat' dir='ltr'>intellectus</span> <span class='ocrx_word' id='word_1_323' title='bbox 449 4004 499 4057; x_wconf 79' lang='lat' dir='ltr'>oea</span> <span class='ocrx_word' id='word_1_324' title='bbox 568 4006 602 4058; x_wconf 91' lang='grc'>22</span> <span class='ocrx_word' id='word_1_325' title='bbox 620 4003 729 4072; x_wconf 90' lang='lat' dir='ltr'>perinde</span> <span class='ocrx_word' id='word_1_326' title='bbox 747 4006 860 4072; x_wconf 77' lang='lat' dir='ltr'>scripsi:</span> <span class='ocrx_word' id='word_1_327' title='bbox 877 4003 988 4071; x_wconf 89' lang='lat' dir='ltr'>proinde</span> <span class='ocrx_word' id='word_1_328' title='bbox 1007 4005 1062 4057; x_wconf 89' lang='lat' dir='ltr'>AB</span> <span class='ocrx_word' id='word_1_329' title='bbox 1132 4006 1165 4057; x_wconf 88' lang='grc'>26</span> <span class='ocrx_word' id='word_1_330' title='bbox 1185 4003 1313 4071; x_wconf 85' lang='lat' dir='ltr'>siquando</span> <span class='ocrx_word' id='word_1_331' title='bbox 1332 4003 1411 4056; x_wconf 89' lang='lat' dir='ltr'>animo</span> 
     </span>
     <span class='ocr_line' id='line_1_36' title="bbox 276 4088 1411 4160; baseline 0.003 -19"><span class='ocrx_word' id='word_1_332' title='bbox 276 4089 316 4142; x_wconf 93' lang='lat' dir='ltr'>ita</span> <span class='ocrx_word' id='word_1_333' title='bbox 338 4088 471 4142; x_wconf 85' lang='lat' dir='ltr'>afficimur</span> <span class='ocrx_word' id='word_1_334' title='bbox 494 4096 524 4143; x_wconf 90' lang='lat' dir='ltr'>nt</span> <span class='ocrx_word' id='word_1_335' title='bbox 551 4092 615 4146; x_wconf 81' lang='lat' dir='ltr'>Urs:</span> <span class='ocrx_word' id='word_1_336' title='bbox 642 4091 664 4143; x_wconf 92' lang='lat' dir='ltr'>si</span> <span class='ocrx_word' id='word_1_337' title='bbox 688 4091 801 4159; x_wconf 88' lang='lat' dir='ltr'>quando.</span> <span class='ocrx_word' id='word_1_338' title='bbox 827 4108 889 4144; x_wconf 87' lang='lat' dir='ltr'>narn</span> <span class='ocrx_word' id='word_1_339' title='bbox 912 4091 949 4144; x_wconf 87' lang='lat' dir='ltr'>ita</span> <span class='ocrx_word' id='word_1_340' title='bbox 972 4091 1095 4144; x_wconf 89' lang='lat' dir='ltr'>efficiunt</span> <span class='ocrx_word' id='word_1_341' title='bbox 1117 4094 1148 4144; x_wconf 94' lang='lat' dir='ltr'>ut</span> <span class='ocrx_word' id='word_1_342' title='bbox 1170 4092 1212 4157; x_wconf 93' lang='lat' dir='ltr'>(ut</span> <span class='ocrx_word' id='word_1_343' title='bbox 1235 4110 1285 4146; x_wconf 82' lang='lat' dir='ltr'>om.</span> <span class='ocrx_word' id='word_1_344' title='bbox 1300 4093 1337 4160; x_wconf 90' lang='lat' dir='ltr'>A)</span> <span class='ocrx_word' id='word_1_345' title='bbox 1354 4091 1411 4156; x_wconf 90' lang='lat' dir='ltr'>AB,</span> 
     </span>
     <span class='ocr_line' id='line_1_37' title="bbox 278 4175 1411 4246; baseline 0.002 -19"><span class='ocrx_word' id='word_1_346' title='bbox 278 4176 301 4228; x_wconf 89' lang='lat' dir='ltr'>si</span> <span class='ocrx_word' id='word_1_347' title='bbox 320 4175 434 4243; x_wconf 87' lang='lat' dir='ltr'>quando.</span> <span class='ocrx_word' id='word_1_348' title='bbox 458 4193 520 4229; x_wconf 92' lang='lat' dir='ltr'>nam</span> <span class='ocrx_word' id='word_1_349' title='bbox 540 4177 577 4230; x_wconf 91' lang='lat' dir='ltr'>ita</span> <span class='ocrx_word' id='word_1_350' title='bbox 596 4176 667 4230; x_wconf 86' lang='lat' dir='ltr'>effici</span> <span class='ocrx_word' id='word_1_351' title='bbox 685 4181 716 4230; x_wconf 91' lang='lat' dir='ltr'>ut</span> <span class='ocrx_word' id='word_1_352' title='bbox 738 4178 864 4232; x_wconf 78' lang='lat' dir='ltr'>oehlerus</span> <span class='ocrx_word' id='word_1_353' title='bbox 936 4181 968 4233; x_wconf 82' lang='lat'>27</span> <span class='ocrx_word' id='word_1_354' title='bbox 988 4195 1036 4230; x_wconf 92' lang='lat' dir='ltr'>nos</span> <span class='ocrx_word' id='word_1_355' title='bbox 1054 4196 1104 4233; x_wconf 79' lang='lat' dir='ltr'>oui.</span> <span class='ocrx_word' id='word_1_356' title='bbox 1124 4180 1151 4231; x_wconf 88' lang='lat' dir='ltr'><strong><em>A</em></strong></span> <span class='ocrx_word' id='word_1_357' title='bbox 1222 4178 1334 4242; x_wconf 91' lang='lat' dir='ltr'>audisse,</span> <span class='ocrx_word' id='word_1_358' title='bbox 1356 4177 1411 4246; x_wconf 88' lang='lat' dir='ltr'>quia</span> 
     </span>
     <span class='ocr_line' id='line_1_38' title="bbox 281 4261 1412 4335; baseline 0.001 -18"><span class='ocrx_word' id='word_1_359' title='bbox 281 4264 346 4317; x_wconf 81' lang='lat' dir='ltr'>Urs:</span> <span class='ocrx_word' id='word_1_360' title='bbox 373 4261 477 4315; x_wconf 89' lang='lat' dir='ltr'>audisse</span> <span class='ocrx_word' id='word_1_361' title='bbox 505 4279 553 4316; x_wconf 91' lang='lat' dir='ltr'>nec</span> <span class='ocrx_word' id='word_1_362' title='bbox 580 4263 684 4315; x_wconf 87' lang='lat' dir='ltr'>audisse</span> <span class='ocrx_word' id='word_1_363' title='bbox 708 4264 770 4330; x_wconf 90' lang='lat' dir='ltr'>quia</span> <span class='ocrx_word' id='word_1_364' title='bbox 792 4266 855 4332; x_wconf 91' lang='lat' dir='ltr'>AB,</span> <span class='ocrx_word' id='word_1_365' title='bbox 883 4263 988 4319; x_wconf 84' lang='lat' dir='ltr'>audisse</span> <span class='ocrx_word' id='word_1_366' title='bbox 1011 4280 1059 4317; x_wconf 91' lang='lat' dir='ltr'>nec</span> <span class='ocrx_word' id='word_1_367' title='bbox 1082 4280 1134 4316; x_wconf 96' lang='lat' dir='ltr'>non</span> <span class='ocrx_word' id='word_1_368' title='bbox 1158 4264 1262 4318; x_wconf 88' lang='lat' dir='ltr'>audisse</span> <span class='ocrx_word' id='word_1_369' title='bbox 1286 4264 1345 4335; x_wconf 83' lang='lat' dir='ltr'>quia</span> <span class='ocrx_word' id='word_1_370' title='bbox 1368 4262 1412 4320; x_wconf 72' lang='lat' dir='ltr'>Ger</span> 
     </span>
     <span class='ocr_line' id='line_1_39' title="bbox 278 4349 734 4409; baseline 0.015 -9"><span class='ocrx_word' id='word_1_371' title='bbox 278 4352 311 4409; x_wconf 77' lang='grc'>27</span> <span class='ocrx_word' id='word_1_372' title='bbox 331 4349 523 4409; x_wconf 80' lang='lat' dir='ltr'>animus-29</span> <span class='ocrx_word' id='word_1_373' title='bbox 543 4349 625 4403; x_wconf 86' lang='lat' dir='ltr'>luerit</span> <span class='ocrx_word' id='word_1_374' title='bbox 642 4368 693 4406; x_wconf 86' lang='lat' dir='ltr'>om.</span> <span class='ocrx_word' id='word_1_375' title='bbox 707 4351 734 4407; x_wconf 87' lang='lat' dir='ltr'><strong><em>A</em></strong></span> 
     </span>
    </p>
   </div>
   <div class='ocr_carea' id='block_1_4' title="bbox 0 0 1604 5029">
    <p class='ocr_par' dir='ltr' id='par_1_5' title="bbox 0 0 1604 5029">
     <span class='ocr_line' id='line_1_40' title="bbox 0 0 1604 5029; baseline 0 0"><span class='ocrx_word' id='word_1_376' title='bbox 0 0 1604 5029; x_wconf 95' lang='lat' dir='ltr'> </span> 
     </span>
    </p>
   </div>
  </div>
 </body>
</html>
