3200 5034
535 423 556 476 l.
576 424 620 476 De
639 422 843 492 spectaculis
861 425 972 479 23-26.
1283 423 1325 487 25

229 599 279 663 ab.
303 599 354 662 An
381 599 434 662 1116
461 599 645 682 recogitabit
668 616 704 661 eo
732 601 872 681 tempore
899 598 1016 662 dedeo
1043 599 1162 680 positus
1185 598 1250 662 illic
1272 599 1327 662 ubi

185 703 261 768 nihil
284 707 332 768 est
354 703 487 767 dedeo?
524 720 644 785 pacem,
668 703 785 785 opinor,
809 701 939 767 habebit
960 703 1112 768 inanimo
1134 703 1326 767 contendens

184 827 239 892 pro
262 807 381 891 auriga,
409 807 592 889 pudicitiam
620 806 737 870 ediscet
765 807 916 872 attonitus
944 808 976 872 in
1003 806 1127 872 mimos.
1173 808 1269 872 immo
1292 807 1326 872 in

182 913 279 998 ,6661
302 912 478 994 spectaculo
502 912 625 976 nullum
648 911 749 996 magis
771 912 955 976 scandalum
977 916 1118 977 occurret
1140 929 1234 994 quam
1256 913 1327 998 ille,

184 1018 252 1100 ipsc
280 1016 447 1080 mulierum
475 1019 506 1080 et
532 1017 671 1081 uirorum
698 1017 869 1080 accuratior
896 1017 1007 1080 cultus.
1057 1018 1126 1099 ipsa
1152 1017 1326 1097 consensio,
1366 1031 1378 1071 ⁵

182 1122 252 1203 ipsa
266 1121 298 1185 in
321 1120 479 1185 fauoribus
504 1123 558 1184 aut
573 1121 761 1203 conspiratio
784 1124 839 1185 aut
854 1120 1006 1185 dissensio
1028 1121 1110 1184 inter
1133 1120 1220 1184 6616
1243 1138 1327 1185 666-

185 1225 300 1289 marcio
334 1225 485 1289 scintillas
519 1224 685 1289 libidinum
712 1223 941 1290 conflabellant.
992 1242 1103 1309 nemo,
1132 1224 1265 1306 denique
1294 1223 1327 1288 in

185 1330 363 1413 spectaculo
392 1329 527 1394 ineundo
557 1330 642 1411 prius
675 1329 792 1412 cogitat
827 1329 889 1393 nisi
917 1329 1016 1393 uideri
1047 1331 1079 1392 et
1107 1328 1223 1392 uidere.
1272 1328 1327 1392 sed

184 1433 332 1518 tragoedo
359 1433 549 1498 uociferante
577 1433 817 1498 exclamationes
845 1433 897 1497 ille
918 1433 1059 1517 ,alicuius
1086 1433 1256 1515 prophetae
1278 1451 1327 1496 re-

184 1538 334 1603 tractabit
360 1540 393 1602 61
418 1538 500 1601 inter
528 1537 699 1601 effeminati
726 1537 873 1622 tibicinis,
899 1537 1007 1602 modos
1035 1538 1194 1619 psalmum
1221 1555 1327 1600 secum
1355 1555 1379 1594 ιο
1478 1599 1481 1603 ,

185 1642 446 1722 comminiscetur,
471 1644 594 1706 etcum
617 1641 753 1706 athletae
770 1644 893 1726 agent„
916 1641 968 1705 ille
992 1641 1131 1706 dictmus
1155 1644 1203 1705 est
1222 1660 1327 1724 reper-

184 1746 365 1810 cutiendum
392 1763 455 1809 non
483 1765 561 1810 esse.
605 1749 720 1828 poterit
748 1763 821 1829 ergo
850 1750 881 1811 et
909 1746 946 1810 de
974 1745 1328 1810 misericordia'moneri

185 1849 303 1914 defixus
330 1852 362 1915 in
390 1869 512 1915 morsus
540 1869 685 1915 ursorum
715 1854 747 1914 61
775 1851 920 1934 spongias
948 1850 1155 1914 retiariorum.
1206 1853 1328 1914 auertat

184 1955 260 2018 deus
284 1973 303 2018 6
326 1955 390 2018 6616
414 1958 537 2020 tantam
559 1955 730 2038 uoluptatis
754 1955 902 2019 exitiosae
926 1955 1144 2037 cupiditatem!
1167 1955 1260 2037 quale
1280 1958 1329 2019 est

185 2059 269 2124 enim
297 2059 335 2122 de
363 2060 493 2123 ecclesia
520 2059 570 2123 161
599 2060 632 2122 16
659 2059 773 2124 diaboli
802 2059 967 2123 ecclesiam
993 2058 1137 2139 tondere,
1156 2059 1205 2122 ‘dc
1232 2060 1327 2139 caelo,
1355 2078 1380 2117 rr

186 2163 268 2246 quod
291 2163 389 2242 aiunt,
412 2164 444 2227 in
467 2166 625 2227 caenum?
669 2164 739 2227 illas
763 2182 876 2227 manus
900 2181 977 2244 quas
1001 2162 1040 2226 ad
1063 2163 1158 2226 1666
1181 2162 1327 2227 extuleris

184 2267 386 2349 postmodum
408 2267 564 2331 laudando
587 2267 773 2332 histrionem
796 2268 950 2350 fatigare?
995 2286 1031 2330 ex
1054 2285 1117 2347 ore,
1141 2285 1201 2348 quo
1223 2267 1328 2331 Amen

184 2371 216 2435 in
241 2369 391 2436 Sanctum
414 2371 589 2453 protuleris,
613 2372 776 2455 gladiatori
799 2371 1017 2436 testimonium
1038 2370 1178 2451 reddere,
1202 2369 1241 2445 εἰς
1264 2370 1327 2457 αἰῶ·

183 2497 232 2548 νας
256 2477 302 2535 ἀπ’
320 2475 418 2549 αἰῶνος
441 2476 494 2539 alii
517 2475 643 2540 omnino
668 2476 769 2540 dicere
792 2476 853 2540 nisi
876 2476 932 2540 dec
956 2479 988 2539 et
1010 2473 1179 2560 (1166161611

77 2581 170 2635 1163ν
227 2577 278 2643 26.
302 2578 376 2664 ,Cur
399 2598 481 2664 ergo
513 2598 575 2644 non
606 2580 758 2644 eiusmodi
790 2581 885 2644 etiam
917 2579 1088 2644 daemoniis
1118 2579 1327 2661 penetrabiles
1354 2598 1380 2638 ro

183 2683 282 2748 fiant?
327 2701 402 2747 nam
427 2688 465 2767 ,et
488 2684 670 2769 cpemplum
697 2685 809 2749 accidit
831 2683 956 2749 domino
984 2686 1063 2748 16616
1087 2683 1154 2747 6166
1177 2683 1327 2763 mulieris

185 2805 264 2869 quae
287 2788 445 2852 theatrum
474 2788 550 2852 adiit
575 2789 710 2873 ,atinde
734 2807 806 2852 cum
830 2788 992 2853 daemonio
1018 2787 1121 2851 rediit.
1165 2788 1272 2869 itaque
1295 2789 1327 2852 in

184 2891 354 2956 exorcismo
377 2909 449 2954 cum
465 2895 646 2956 oneraretur
666 2893 858 2976 ,16666166
875 2892 1012 2974 spiritus,
1036 2891 1118 2973 quod
1133 2909 1228 2955 ausus
1244 2895 1329 2955 esset

183 2993 309 3059 fidelem
325 2996 464 3080 aggredi,
481 2999 675 3061 constanter:
697 3001 748 3082 ,61,
762 2997 933 3061 iustissime
956 2996 1093 3078 quidem,
1116 2996 1228 3077 inquit,
1251 2995 1326 3059 feci:

183 3099 215 3162 in
240 3118 309 3164 meo
334 3118 404 3164 eom
426 3099 541 3165 166661.
589 3103 712 3164 6666161
735 3104 765 3164 61
789 3101 840 3164 alii
862 3101 996 3165 linteum
1018 3100 1051 3165 in
1072 3101 1201 3185 ,somnis
1222 3103 1327 3164 osten-
1354 3086 1408 3160 a‘

184 3221 255 3266 sum
271 3205 337 3268 eius
353 3205 413 3269 diei
428 3208 528 3286 nocte,
545 3223 607 3287 qua
622 3205 808 3288 tragoedum
827 3204 978 3284 audierat,
994 3222 1066 3268 666
1080 3203 1327 3289 ,6666161166

292 3366 569 3436 mamam

229 3501 241 3553 1
262 3496 421 3566 recogitabit
439 3500 474 3566 Β,
493 3497 620 3566 rogitabit
638 3496 778 3566 (rogitabit
790 3499 829 3564 A)
847 3499 948 3567 ΑΒΜ
1007 3496 1054 3550 611
1072 3514 1122 3552 cm.
1136 3499 1163 3551 A
1225 3500 1327 3552 36116-

184 3585 276 3638 611666
294 3586 322 3639 Α
375 3585 510 3638 1661666
529 3586 565 3653 A,
587 3585 616 3638 in
634 3585 737 3638 animos
755 3586 783 3639 Β
847 3587 963 3652 Aquam
982 3586 1018 3653 B,
1036 3600 1115 3653 quem
1133 3588 1161 3637 et
1178 3587 1205 3639 A
1271 3583 1327 3653 ipse

183 3671 228 3725 ille
247 3673 274 3726 Β
340 3671 634 3741 dipsa...disseusio
652 3690 702 3726 oro.
717 3673 743 3725 A
809 3669 973 3724 lscintillas
991 3671 1018 3737 (a
1036 3687 1069 3725 ea
1086 3670 1122 3737 ic)
1140 3671 1168 3724 A
1229 3669 1327 3725 confla-

183 3756 287 3812 bellant
304 3760 340 3826 B,
359 3757 496 3826 flagellant
513 3760 548 3826 A,
567 3757 704 3811 flabellant
723 3759 757 3812 Ε,
771 3759 976 3812 Klooemorrooo
1024 3761 1040 3814 9
1057 3757 1102 3811 ille
1118 3759 1181 3812 Gal:
1198 3757 1258 3811 illae
1271 3759 1327 3813 AB

185 3847 218 3901 lc
239 3849 266 3898 61
287 3863 337 3901 om.
354 3847 381 3900 Β
451 3844 595 3898 effeminati
620 3845 738 3898 tibicinis
763 3847 797 3899 E.
816 3846 1033 3900 Kluosorooouo:
1056 3844 1275 3898 effoeminaticnis
1291 3846 1333 3913 Β,

184 3931 330 3985 effeminati
355 3930 431 3985 liberi
456 3933 541 4001 Bmp,
569 3931 714 3984 6116616611
738 3931 776 3984 lib
795 3974 800 3984 .
817 3974 822 3984 .
839 3974 844 3984 .
859 3932 899 3998 A,
927 3931 1072 3985 effeminati
1100 3931 1238 3985 histrionis
1262 3932 1326 4002 Rip,

184 4017 330 4071 effeminati
343 4017 566 4072 ludiiHortclius
609 4020 641 4072 12
655 4033 716 4086 ergo
730 4020 815 4073 ooaB
851 4018 953 4071 moneri
967 4017 1067 4070 defixos
1080 4020 1172 4087 Scipio
1185 4019 1328 4087 Moffciua:

184 4104 441 4172 moueridefixusB,
455 4105 573 4158 moueria
587 4107 705 4174 (acras.)
718 4109 764 4159 aut
778 4107 806 4160 A
853 4108 885 4160 16
903 4104 1041 4158 dominum
1054 4108 1081 4161 Β
1135 4109 1167 4163 18
1186 4105 1219 4166 εἰς
1237 4104 1326 4166 αἰῶνας

184 4189 226 4242 ἀπ’
240 4190 328 4251 αἰῶνος
346 4192 416 4262 Rip:
439 4191 480 4245 his
499 4207 627 4261 apaeonos
644 4193 680 4260 A,
700 4191 733 4250 εἰς
751 4191 841 4251 αἰῶνας
860 4194 887 4247 Β
947 4195 978 4247 19
997 4195 1023 4246 61
1041 4210 1091 4249 om.
1111 4194 1139 4247 Β
1196 4195 1230 4248 20
1247 4209 1327 4262 pene-

185 4278 288 4334 trabilis
308 4280 336 4332 A
354 4296 421 4334 corr.
480 4281 513 4333 22
532 4279 599 4332 adiit
617 4281 652 4346 B,
672 4283 734 4348 agat
750 4282 777 4333 A
838 4279 961 4332 demonio
979 4280 1006 4333 A
1060 4279 1130 4333 redit
1146 4281 1174 4334 A
1231 4281 1265 4335 23
1284 4297 1326 4334 sx-

186 4366 316 4423 66611666
336 4368 363 4422 A
417 4367 451 4422 24
469 4365 563 4436 inquid
580 4367 608 4420 A
666 4368 699 4423 25
718 4369 824 4420 constat
841 4369 868 4420 61
886 4383 936 4422 om.
951 4367 977 4420 A
1030 4369 1065 4422 26
1083 4366 1284 4437 exprobratione
1300 4369 1327 4422 A
