3200 5034
293 389 356 454 348
524 389 638 456 Quinti
658 390 797 459 Septimi
816 390 983 444 Florentia
1002 391 1203 444 Tertulliani

293 567 376 630 uitae
400 567 561 648 septennio
581 567 771 630 excruciatae
787 567 869 631 infra
885 570 1001 630 terram
1015 567 1128 647 inedia,
1151 566 1287 651 ignauia,
1312 567 1434 646 umbra,

293 671 343 734 cui
366 672 446 734 tanti
468 672 528 735 fuit
550 671 712 735 fastidium
727 672 815 751 caeli,
840 689 935 752 qnam
951 689 1013 736 non
1028 671 1195 736 accesserit
1211 672 1435 750 temeritatem,

293 794 388 856 quam
418 794 480 839 non
507 776 709 858 temptauerit
732 776 955 856 curiositatem,
984 780 1020 839 ut
1042 775 1081 840 ad
1104 779 1212 839 notam
1236 776 1328 858 clipei
1350 775 1435 839 illius

292 881 491 961 perueniret?
537 880 610 961 quid
633 883 748 960 autem,
773 880 799 942 si
822 881 854 943 in
877 879 1013 943 historiis
1037 879 1192 961 aliquibus
1217 879 1434 944 occultioribus

254 1012 267 1051 a
293 986 450 1066 repperit?
496 985 580 1066 quid,
609 985 635 1048 si
658 985 798 1048 defectae
822 985 885 1047 iam
909 985 1084 1048 traditionis
1108 985 1292 1067 superstites
1315 985 1435 1067 aliquas

293 1091 396 1154 famae
419 1090 546 1154 aurulas
569 1090 695 1154 hausit?
740 1089 815 1170 quid
838 1089 864 1152 si
888 1089 927 1152 ab
951 1089 1075 1154 aedituo
1099 1089 1262 1172 redempta
1284 1091 1364 1154 olam
1387 1091 1435 1152 in-

294 1195 453 1277 spectione
481 1195 648 1278 cogncnit?
693 1194 810 1257 scimus
835 1195 929 1257 etiam
952 1194 1091 1277 magiam
1114 1194 1216 1258 dicere
1240 1195 1435 1276 explorandis

295 1302 423 1365 occultis
446 1300 700 1382 pericatabolicos
724 1302 755 1363 61
777 1299 924 1382 paredros
949 1303 980 1363 et
994 1299 1179 1381 pythonicos
1197 1300 1333 1382 spiritus.
1372 1318 1434 1364 non

295 1406 379 1468 enim
411 1411 442 1469 et
464 1405 660 1487 Pherecydes
683 1404 882 1487 Pythagorae
912 1404 1063 1486 magister
1089 1405 1138 1467 his
1162 1404 1292 1467 forsitan
1315 1403 1434 1467 artibus

242 1535 268 1572 ιο
294 1509 467 1590 diuinabat,
490 1528 530 1572 ne
552 1509 653 1572 dicam
678 1507 878 1572 somniabat?
913 1508 996 1589 quid,
1021 1508 1048 1572 si
1070 1508 1152 1572 idem
1176 1508 1308 1572 daemon
1331 1508 1362 1572 in
1382 1509 1434 1572 illo

294 1616 364 1695 suit,
388 1614 439 1696 qui
462 1617 493 1677 et
516 1614 549 1677 in
571 1612 737 1694 Euphorbo
760 1632 811 1676 res
835 1613 996 1695 sanguinis
1019 1613 1138 1696 gessit?
1173 1612 1304 1693 denique
1328 1613 1434 1693 quise

294 1718 499 1801 Euphorbum
522 1737 558 1781 61
582 1721 767 1801 argumento
790 1717 881 1798 clipei
902 1716 1059 1799 probarat,
1083 1735 1138 1780 cur
1154 1717 1314 1780 neminem
1330 1716 1435 1780 Troia-

294 1842 405 1887 norum
437 1822 684 1886 commilitonum
713 1840 811 1902 aeque
833 1822 1034 1904 recognouit?
1080 1839 1154 1884 nam
1179 1825 1210 1884 et
1232 1821 1279 1884 illi
1301 1821 1364 1884 iam
1386 1840 1434 1884 re-

294 1929 457 2007 uixissent,
480 1927 508 1990 si
530 1927 595 1989 uiui
619 1946 654 1989 61
678 1926 810 1989 mortuis
834 1925 953 1989 fierent.

243 2057 268 2096 15
338 2030 389 2096 29.
414 2032 556 2096 Mortuos
580 2031 706 2113 quidem
729 2049 766 2094 61
788 2031 870 2094 uinis
894 2029 976 2094 effici
999 2032 1132 2110 constat,
1157 2048 1218 2094 non
1241 2030 1310 2094 ideo
1331 2033 1434 2093 tamen

295 2141 327 2200 61
357 2157 393 2200 61
423 2136 556 2200 mortuis
587 2136 685 2200 uiuos.
732 2134 771 2198 ab
803 2135 891 2198 initio
922 2135 1006 2198 enim
1036 2135 1102 2198 nini
1129 2135 1260 2217 priores,
1294 2135 1375 2198 unde
1397 2135 1435 2197 ab

295 2242 384 2304 initio
415 2259 513 2321 aeque
544 2240 659 2303 mortui
689 2239 885 2322 posteriores.
932 2257 994 2302 non
1021 2239 1145 2302 aliunde
1168 2257 1263 2320 quam
1288 2258 1323 2302 61
1346 2238 1435 2301 uiuis.

295 2346 342 2409 illi
364 2345 543 2409 habuerunt
565 2345 647 2408 unde
669 2344 774 2427 potius
798 2344 963 2423 orirentur,
987 2344 1061 2407 dum
1085 2363 1124 2406 ue
1149 2363 1184 2406 61
1207 2343 1349 2407 mortuis.
1386 2343 1435 2406 ist'

297 2468 359 2514 non
381 2449 560 2513 habuerunt
582 2449 664 2513 unde
688 2448 789 2532 magis
813 2448 1052 2527 deducerentur,
1075 2447 1136 2511 nisi
1160 2467 1196 2511 61
1216 2447 1309 2511 uiuis.
1343 2447 1437 2530 igitur

244 2581 271 2618 20
298 2557 324 2619 si
348 2555 387 2619 ab
411 2555 498 2618 initio
521 2555 585 2617 uiui
608 2572 669 2617 non
693 2573 729 2616 61
753 2554 894 2632 mortuis
918 2570 973 2616 cur
995 2555 1104 2635 postea
1127 2571 1163 2615 61
1187 2551 1341 2616 mortuis?
1386 2551 1437 2614 de-

296 2662 414 2724 fecerat
429 2661 491 2740 ille,
516 2659 704 2741 quicumque
721 2660 779 2738 est,
803 2658 930 2740 originis
946 2657 1038 2721 tons?
1073 2674 1112 2720 an
1128 2658 1248 2720 formae
1264 2657 1436 2737 paenituit?

298 2769 328 2828 et
351 2766 505 2847 quomodo
527 2764 560 2826 in
583 2763 714 2827 mortuis
738 2762 827 2826 salua
850 2764 918 2825 est?
964 2779 1026 2824 non
1051 2761 1124 2842 quia
1147 2760 1187 2824 ab
1210 2760 1300 2824 initio
1324 2761 1436 2824 mortui

298 2889 334 2932 61
356 2869 448 2948 ninia,
471 2869 585 2933 idcirco
609 2886 733 2949 semper
755 2886 792 2930 61
815 2867 917 2930 uiuis?
938 2863 942 2950 l
963 2868 1018 2929 ant
1040 2865 1125 2928 enim
1147 2865 1180 2928 iu
1204 2869 1335 2945 utraque
1351 2866 1436 2946 parte
1450 2869 1524 2923 1141

297 2975 398 3038 torma
420 2974 499 3038 initii
521 2976 765 3055 perseuerasset,
788 2972 897 3035 autin
922 2974 1053 3051 utraque
1069 2973 1235 3050 mutasset,
1258 2973 1294 3033 ut
1309 2969 1336 3032 si
1351 2968 1435 3031 uiuos

245 3105 271 3144 2⁵
298 3098 334 3141 61
358 3078 488 3142 mortuis
511 3082 621 3159 postea
643 3077 710 3141 fieri
733 3079 921 3158 oportuerat,
944 3075 1071 3157 perinde
1095 3077 1252 3156 oporteret
1268 3075 1360 3137 etiarn
1376 3090 1435 3135 non

298 3203 334 3246 61
364 3183 445 3246 uiuis
477 3182 559 3246 effici
589 3185 738 3247 mortuos.
785 3181 813 3244 si
840 3198 902 3244 non
925 3197 1117 3261 peraequare
1141 3179 1270 3242 deberet
1292 3177 1368 3241 fides
1391 3177 1434 3238 in-

299 3288 483 3367 stitutioniS,
514 3307 577 3352 non
604 3303 829 3368 usquequaque
853 3285 1008 3348 contraria
1032 3303 1067 3347 61
1091 3283 1253 3347 contrariis
1276 3280 1432 3345 reformari

298 3393 466 3455 alternant.
512 3395 543 3454 et
573 3409 629 3454 nos
660 3390 745 3454 enim
772 3408 965 3472 opponemus
990 3388 1226 3453 contrarietates
1250 3386 1316 3450 nati
1338 3389 1369 3450 61
1389 3385 1432 3447 in·

298 3498 374 3576 nati,
397 3495 586 3559 uisnalitatis
610 3499 641 3558 et
664 3494 835 3573 caecitatis,
863 3494 1010 3556 iuuentae
1035 3496 1066 3556 et
1090 3495 1245 3572 senectae,
1269 3490 1430 3572 sapientiae

343 3744 359 3795 3
378 3739 493 3793 tentauit
512 3739 539 3792 B
592 3742 609 3792 6
627 3736 738 3790 aedetuo
757 3738 784 3790 A
843 3737 858 3789 7
877 3734 994 3802 magiam
1013 3735 1126 3803 scripsi:
1144 3733 1248 3801 magiae
1266 3733 1329 3798 AB,
1347 3745 1428 3796 magos

302 3829 352 3883 cer
412 3826 491 3881 licere
509 3828 536 3880 A
594 3829 611 3882 8
628 3822 847 3892 pericatabolicos
865 3823 978 3892 scripsi:
995 3839 1042 3891 per
1061 3819 1219 3875 catabolicos
1238 3820 1302 3887 AB,
1319 3819 1428 3886 procata-

298 3914 399 3968 bolicos
419 3915 469 3968 cer
521 3911 667 3982 parhedros
685 3913 712 3965 A
765 3909 945 3978 9pirecydes.
964 3911 991 3963 A
1045 3908 1175 3962 forsanB
1231 3909 1261 3962 11
1281 3904 1362 3974 gessit
1375 3903 1428 3958 aa:

300 4002 379 4055 cessit
401 4002 456 4055 AB
527 4003 560 4054 12
583 4000 611 4052 in
634 3996 818 4067 euphorbbum
841 3996 874 4062 (b
892 3997 975 4066 prins
993 3997 1074 4056 erus.)
1091 3996 1118 4049 A
1191 3995 1224 4048 16
1247 3996 1274 4047 61
1291 3994 1325 4062 Β,
1347 3989 1427 4044 sedA

302 4093 334 4145 18
351 4087 501 4141 habuerant
518 4088 546 4141 Β
598 4085 687 4154 potius
705 4087 830 4137 errentur
847 4086 980 4149 (errentur
998 4083 1036 4149 B)
1056 4083 1118 4150 AB,
1141 4080 1368 4150 proficiscerentur
1385 4075 1428 4130 aar

301 4180 334 4232 19
352 4173 495 4229 habuerint
513 4175 541 4228 Β
601 4173 701 4226 nisiex
720 4171 790 4224 uiuis
809 4172 858 4225 del.
880 4171 929 4225 aa
990 4172 1022 4224 21
1044 4168 1139 4236 origini
1159 4170 1186 4222 A
1251 4169 1285 4222 24
1303 4165 1329 4218 iu
1346 4161 1426 4216 autin

299 4265 408 4319 Acorr.
457 4265 488 4314 ut
506 4261 528 4314 si
545 4262 580 4329 B,
599 4261 622 4313 si
635 4262 662 4314 A
709 4262 743 4315 26
761 4257 845 4311 uisnis
858 4258 885 4311 A
898 4274 966 4312 corr.
1014 4260 1142 4318 mortuos
1162 4255 1182 4307 si
1203 4269 1264 4318 non,
1282 4262 1425 4321 peraequare

301 4349 409 4404 deberet
427 4350 538 4418 distiny.
557 4349 701 4403 Hortetics
754 4349 788 4400 29
807 4345 848 4398 uis
866 4343 987 4397 ualitatis
1005 4344 1032 4397 A
