3200 5034
576 458 652 513 VIII.
670 459 715 513 De
732 458 897 529 pudicitia
915 463 938 515 9.
1266 460 1327 526 237

185 633 330 697 curandis
367 635 563 716 praepositus
600 636 733 718 resipuit
770 636 810 699 ad
842 639 964 719 patrem
1001 636 1131 717 reuerti,
1169 636 1233 701 iam
1267 654 1329 701 non

186 738 308 802 moechi
335 742 366 803 et
395 739 612 821 fornicatorem
644 741 698 805 sed
721 741 903 806 idololatrae
927 744 958 806 et
980 740 1157 824 blasphemi
1180 745 1212 806 et
1234 760 1330 825 nega·

185 845 269 907 tores
285 846 318 907 et
335 862 427 909 omne
448 848 661 929 apostatarum
677 864 777 930 genus
792 846 852 909 hac
867 844 1017 930 parabola
1030 846 1112 929 patri
1127 846 1330 926 satisfacient,

186 950 218 1011 et
241 948 319 1013 elisa
340 952 389 1013 est
409 950 572 1014 1111111111
595 950 654 1015 hoe
674 951 822 1035 imaginis
846 951 938 1016 modo
953 954 1020 1015 tota
1035 950 1213 1015 substantia
1227 968 1330 1015 saera·

185 1053 293 1117 menti.
339 1054 409 1135 quis
432 1054 517 1118 enim
540 1054 666 1119 timebit
687 1055 865 1139 prodigere,
893 1055 976 1137 quod
997 1054 1128 1119 habebit
1148 1059 1259 1137 postea
1280 1074 1329 1118 re·
1369 1082 1382 1122 1

185 1160 357 1240 superare?
391 1159 459 1241 quis
480 1159 603 1224 curabit
616 1163 767 1243 perpetuo
783 1178 980 1241 conseruare,
1004 1160 1086 1242 quod
1101 1178 1163 1224 non
1179 1163 1329 1244 perpetuo

184 1263 300 1346 poterit
330 1264 495 1329 amittere?
541 1265 692 1329 securitas
721 1264 826 1329 delicti
850 1265 945 1329 etiam
967 1264 1064 1329 libido
1088 1268 1137 1329 est
1159 1264 1234 1329 eius.
1280 1283 1329 1328 re-

185 1367 347 1450 cuperabit
368 1368 463 1453 igitur
486 1372 519 1433 et
541 1373 685 1451 apostata
707 1372 830 1434 uestem
852 1356 999 1453 priorem,
1023 1369 1243 1433 indumentum
1266 1370 1330 1452 spi·

184 1471 264 1536 ritus
288 1473 401 1554 saneti,
430 1476 463 1537 et
484 1474 614 1538 anulum
638 1473 753 1555 denuo,
782 1474 982 1559 signaculum
1004 1474 1135 1554 lauacri,
1167 1476 1198 1538 et
1220 1492 1329 1538 rursus

183 1576 231 1639 illi
261 1577 450 1641 mactabitur
474 1577 632 1659 Christus,
663 1582 696 1643 et
724 1578 888 1643 recumbet
911 1596 947 1643 eo
969 1578 1002 1642 in
1024 1580 1107 1659 tore,
1138 1578 1176 1641 de
1199 1596 1259 1660 quo
1282 1577 1329 1642 in·
1357 1606 1382 1643 10

184 1681 278 1765 digne
300 1682 407 1747 uestiti
430 1683 636 1748 atortoribus
659 1684 761 1748 solent
783 1684 852 1748 tolli
876 1686 908 1747 et
931 1682 1011 1747 abici
1032 1683 1064 1746 in
1088 1682 1248 1763 tenebras,
1276 1701 1330 1746 ne-

185 1786 261 1850 dum
289 1787 423 1870 spoliati.
469 1788 540 1870 plus
568 1790 617 1852 est
638 1788 747 1871 igitur,
779 1788 806 1852 si
829 1806 886 1851 neo
910 1787 1034 1871 expedit
1056 1788 1088 1851 ln
1112 1784 1329 1851 Christianum

184 1892 351 1955 conuenire
381 1892 521 1958 ordinem
551 1891 607 1957 filii
637 1892 767 1976 prodigi.
814 1892 896 1974 quod
923 1892 949 1955 si
972 1892 1085 1956 necin
1107 1892 1258 1956 Iudaeum
1281 1892 1329 1956 in-

184 1998 273 2079 tegre
304 1994 360 2059 filii
390 1997 494 2081 imago
523 1996 693 2077 concurrit,
724 1997 764 2060 ad
786 1997 981 2080 propositum
1004 1996 1122 2060 domini
1145 1996 1329 2079 simpliciter

183 2098 398 2183 interpretatio
428 2100 664 2185 gubernabitur.
710 2104 841 2165 uenerat
869 2100 1015 2166 dominus
1038 2101 1154 2183 utique,
1183 2103 1219 2164 ut
1248 2100 1329 2182 quod
1357 2126 1381 2166 11

183 2205 321 2286 perierat
355 2206 479 2269 saluum
509 2206 640 2287 faceret,
675 2206 816 2270 medicus
846 2205 1069 2290 languentibus
1101 2206 1202 2289 magis
1234 2223 1329 2287 quam

184 2310 271 2373 sanis
294 2311 498 2375 necessarius.
533 2311 593 2375 hoc
616 2314 648 2375 et
669 2310 702 2374 in
724 2310 881 2394 parabolis
897 2309 1055 2394 figurabat
1071 2312 1102 2373 et
1116 2310 1149 2373 in
1165 2310 1327 2374 sententiis

183 2414 393 2496 praedicabat.
441 2415 511 2497 quis
533 2416 615 2500 perit
644 2416 823 2496 hominum,
854 2415 923 2497 quis
953 2414 1040 2479 labat
1070 2414 1107 2478 de
1137 2414 1327 2494 ualetudine,

184 2519 246 2583 nisi
276 2520 329 2601 qui
360 2521 454 2584 deum
481 2521 603 2585 nescit?
649 2520 717 2603 quis
743 2520 851 2584 saluus
874 2537 1044 2600 ansanus,
1075 2519 1136 2583 nisi
1158 2518 1212 2601 qui
1234 2500 1328 2583 deum

184 2624 294 2688 nouit?
338 2625 396 2689 has
427 2624 504 2689 duas
527 2625 646 2709 speeies
667 2625 705 2689 de
727 2644 842 2709 genere
865 2624 1020 2689 fraternas
1043 2624 1120 2687 haec
1143 2641 1264 2705 quoque
1287 2624 1328 2688 si·
1354 2647 1380 2686 11

183 2727 295 2811 gnabit
316 2729 474 2813 parabola.
517 2729 589 2793 uide
611 2748 652 2793 an
674 2729 791 2793 habeat
814 2729 955 2793 ethnicus
979 2728 1191 2792 substantiam
1213 2728 1246 2791 in
1270 2727 1327 2792 deo

183 2835 273 2915 patre
296 2850 407 2897 census
431 2836 463 2897 et
485 2833 656 2916 sapientiae
679 2836 711 2897 11
733 2834 884 2897 naturalis
908 2833 1075 2917 agnitionis
1098 2832 1131 2896 in
1146 2832 1250 2913 deum,
1272 2850 1328 2915 per

82 2993 86 3001 .
184 2954 280 3018 quam
300 2940 332 3001 et
355 2938 513 3021 apostolus
536 2940 625 3002 notat
647 2938 680 3001 in
703 2937 858 3021 sapientia
880 2937 930 3001 dei
952 2954 1016 3002 nou
1035 2937 1219 3021 cognouisse
1234 2955 1327 3000 mun-

183 3041 260 3105 dum
292 3061 349 3125 per
382 3042 570 3125 sapientiam
603 3042 712 3123 deum,
747 3061 842 3124 quam
875 3042 982 3124 utique
1014 3060 1032 3106 a
1063 3042 1120 3105 deo
1155 3045 1326 3125 acceperat.

183 3146 265 3209 hano
287 3146 392 3228 itaque
415 3147 559 3231 prodegit
580 3147 673 3230 louge
696 3164 716 3210 a
737 3146 863 3210 domine
889 3146 1028 3211 moribus
1051 3146 1152 3211 iactus
1175 3146 1256 3210 inter
1280 3165 1327 3210 er·
1353 3168 1379 3207 aa

182 3268 269 3314 rores
293 3254 324 3315 et
345 3250 518 3315 inlecebras
542 3255 573 3315 et
594 3251 740 3316 libidines
764 3250 892 3331 saeculi,
915 3250 970 3315 ubi
984 3251 1069 3315 fame
1085 3252 1226 3316 ueritatis
1243 3269 1327 3316 eom-

182 3355 294 3438 pulsus
317 3355 446 3419 tradidit
468 3374 502 3419 se
524 3355 658 3439 principi
680 3356 773 3419 huius
790 3355 868 3420 aeui.
904 3355 957 3419 ille
974 3373 1046 3419 eum
1062 3356 1211 3440 praefecit
1226 3356 1326 3439 porcis

182 3458 234 3542 (ut
255 3459 409 3544 familiare
431 3461 462 3524 id
482 3459 670 3525 daemonum
685 3478 781 3544 pecus
797 3459 964 3544 pasceret),
988 3459 1042 3524 ubi
1057 3479 1115 3525 nec
1130 3460 1183 3525 ille
1199 3477 1325 3543 compos

289 3686 333 3755 16]
353 3685 698 3751 et.Matth.1e,11.9‚12.
718 3684 781 3739 Luc.
797 3687 838 3750 19,
853 3686 893 3741 10.
912 3689 936 3750 5,
950 3688 992 3742 31.
1064 3686 1109 3755 23]
1131 3687 1144 3739 l
1164 3684 1222 3741 Cor.
1242 3688 1265 3750 1,
1283 3687 1325 3741 21.

228 3898 241 3951 1
261 3895 374 3965 resipuit
395 3896 425 3964 0,
442 3896 536 3965 rasipIt
553 3897 581 3951 Β
650 3910 704 3949 111
727 3894 831 3950 moechi
853 3898 881 3950 11
902 3894 1039 3949 fornicarii
1060 3894 1246 3963 (fornicatores
1267 3896 1326 3965 apo)

182 3983 230 4037 sed
250 3984 314 4039 Get:
331 4000 402 4037 nunc
419 3982 537 4037 moechis
555 3985 582 4037 et
599 3983 777 4037 fornicatoriis
794 3986 823 4037 et
840 3984 868 4038 Β
930 3986 947 4039 3
964 3983 1014 4037 hac
1031 3982 1158 4053 parabola
1177 3982 1326 4038 aelstano

180 4070 337 4141 parabolam
354 4072 382 4126 Β
438 4070 598 4140 limaginis
615 4072 728 4141 11111111
745 4071 832 4139 magis
850 4071 877 4125 Β
939 4070 1084 4126 91111111
1102 4073 1165 4140 fort.
1185 4071 1326 4125 1111111111

183 4160 214 4215 ll
230 4157 404 4213 atortoribus
420 4158 449 4226 0,
462 4157 569 4213 auribus
578 4159 614 4228 Β,
626 4157 745 4213 moribus
759 4160 811 4215 Urs
859 4160 891 4214 13
904 4159 1044 4213 conuenIre
1056 4159 1119 4214 Get:
1131 4161 1158 4212 et
1169 4158 1289 4211 inuenire
1298 4159 1326 4211 B

183 4247 216 4302 18
233 4244 309 4300 labat
328 4246 391 4301 Gal:
408 4246 481 4299 leuat
498 4246 526 4301 Β
597 4248 629 4301 19
652 4245 731 4300 deum
749 4246 791 4301 bis
813 4244 841 4313 0,
865 4244 1004 4299 dominum
1025 4246 1066 4300 bis
1084 4245 1112 4300 Β
1172 4247 1206 4300 25
1224 4244 1326 4298 domini

181 4332 284 4387 foribus
302 4334 447 4389 Horteltaas
516 4333 601 4387 iactus
623 4334 762 4389 Oebtcrae:
779 4332 866 4387 iaetus
884 4333 911 4387 Β
981 4331 1325 4388 261111161111111Β

180 4420 395 4478 2811611111
412 4420 439 4474 Β
491 4422 612 4489 pasceret
631 4420 864 4489 (11111111111Β
916 4418 961 4473 ille
983 4418 1214 4475 0111111111εεῦ1
1232 4418 1260 4473 Β
