3200 5034
303 404 367 468 306
533 405 646 470 Quinti
666 405 804 475 Septimi
822 405 987 462 Florentis
1005 406 1208 460 Tertulliani

302 578 545 662 propositionem
567 598 678 663 corpus
702 582 920 664 adagnoscam.
955 581 1019 645 iam
1041 600 1115 645 uero
1139 582 1166 646 si
1188 582 1227 646 ab
1245 581 1303 646 afio
1320 579 1441 644 moueri

302 684 438 766 corporis
462 687 518 763 est,
541 688 657 766 quanto
680 685 780 769 magis
804 703 929 750 mouere
949 685 1055 750 aliud?
1090 686 1196 749 anima
1211 689 1318 750 autem
1334 687 1441 748 mouet

302 805 428 874 corpus,
458 792 489 853 et
519 792 648 853 conatus
679 789 745 852 eius
773 790 965 854 extrinsecus
989 790 1063 854 foris
1086 793 1206 872 parent.
1253 790 1292 854 ab
1314 789 1369 852 illa
1392 791 1442 850 est

303 893 386 955 enim
408 892 540 976 impingi
563 897 594 957 et
616 893 710 976 podes
733 894 763 956 in
787 895 945 958 incessum
969 898 1001 959 et
1022 912 1135 958 manns
1157 895 1190 958 in
1213 897 1392 958 contactum
1411 894 1442 954 et

263 1021 276 1060 1
302 996 407 1061 oculos
436 997 469 1060 in
499 1000 700 1081 conspectum
731 1002 763 1061 et
784 999 927 1082 linguam
949 999 981 1063 in
1005 998 1148 1080 effatum,
1179 999 1267 1062 uelut
1290 995 1442 1081 sigillaria

302 1104 389 1166 motu
419 1101 615 1184 superficiem
645 1103 731 1166 intus
762 1103 910 1187 agitante.
957 1104 1039 1168 unde
1069 1103 1147 1168 haec
1177 1103 1226 1168 uis
1257 1101 1442 1184 incorporali

302 1205 440 1286 animae,
464 1206 546 1270 unde
569 1224 686 1270 111111
709 1208 753 1270 111
781 1207 880 1272 solida
902 1208 1097 1290 propellere?
1143 1207 1198 1270 sed
1220 1207 1370 1289 quomodo
1396 1204 1442 1266 di-

302 1310 363 1373 uisi
392 1310 537 1374 uidentur
566 1311 599 1374 in
630 1311 756 1375 homine
787 1330 899 1376 sensus
931 1312 1105 1394 corporales
1136 1315 1167 1376 et
1190 1310 1441 1374 intellectuales?

302 1415 505 1496 corporalium
529 1415 616 1479 aiunt
639 1434 744 1480 rerum
766 1416 944 1497 qualitates
967 1420 1003 1482 ut
1025 1419 1137 1496 terrae,
1159 1419 1196 1481 ut
1217 1415 1309 1499 ignis,
1333 1431 1441 1496 corpo-

251 1516 418 1582 ruralibus
445 1518 588 1582 sensibus
610 1519 793 1600 renuntiari,
824 1521 988 1600 attactui,
1020 1524 1055 1584 ut
1077 1519 1169 1600 uisui,
1200 1518 1441 1601 incorporalium

302 1640 375 1686 nero
395 1623 656 1687 intellectualibus
680 1624 850 1704 conueniri,
874 1628 908 1688 11
929 1624 1144 1708 benignitatis
1167 1627 1203 1689 ut
1225 1622 1439 1707 malignitatis.

300 1727 406 1807 itaque
428 1727 654 1810 incorporalem
677 1747 745 1792 esse
768 1729 907 1792 animam
931 1731 1062 1809 constat,
1086 1729 1174 1792 euius
1195 1727 1361 1810 qualitates
1376 1744 1440 1790 non

302 1831 528 1912 corporalibus,
565 1832 620 1896 sed
654 1831 919 1896 intellectualibus
955 1831 1098 1897 sensibus
1130 1831 1440 1915 comprehendantur.

301 1934 404 2016 plane,
432 1936 459 1998 si
481 1953 543 2000 non
566 1936 658 1999 huius
681 1935 869 2000 definitionis
892 1937 1025 2020 gradum
1049 1937 1217 2000 exclusero.
1264 1953 1332 1999 ecce
1356 1935 1440 1998 enim

249 2059 274 2100 11
300 2039 505 2122 incorporalia
516 2040 646 2105 ostendo
661 2041 873 2123 corporalibus
890 2041 1033 2106 sensibus
1050 2041 1159 2122 subici,
1183 2059 1295 2104 sonum
1311 2039 1439 2118 auditui,

301 2143 436 2208 colorem
467 2145 657 2227 conspectui,
688 2145 815 2209 odorem
842 2146 993 2227 odoratui,
1024 2163 1156 2227 quorum
1180 2145 1320 2227 exemplo
1344 2143 1438 2208 etiam

301 2248 407 2312 anima
436 2249 556 2332 corpori
583 2249 715 2330 accedit,
747 2269 786 2313 ne
810 2251 893 2314 dicas
916 2251 1029 2314 idcirco
1053 2269 1089 2314 ea
1111 2268 1167 2334 per
1190 2249 1364 2332 corporales
1389 2266 1439 2310 re-

300 2353 437 2418 nuntiari
467 2372 578 2417 sensus
609 2354 681 2435 quia
703 2354 916 2437 corporalibus
946 2354 1104 2418 accedant.
1150 2353 1246 2437 igitur
1269 2353 1295 2416 si
1319 2353 1439 2417 constat

299 2457 504 2539 incorporalia
533 2475 655 2539 quoque
682 2457 935 2541 acorporalibus
966 2457 1200 2540 comprehendi,
1232 2475 1287 2521 cur
1317 2475 1378 2520 non
1408 2456 1439 2519 et

248 2581 274 2619 11
301 2561 416 2641 anima,
448 2579 528 2642 quae
555 2562 734 2647 corporalis
766 2561 805 2625 ab
822 2562 1073 2645 'incorporalibus
1096 2561 1313 2626 renuntietur?
1357 2561 1438 2624 certe

300 2664 438 2729 definitio
470 2667 594 2730 exclusa
625 2666 675 2729 sit.
722 2667 759 2729 de
789 2665 1013 2749 insignioribus
1037 2664 1360 2750 argumentationibus
1382 2663 1439 2726 erit

301 2770 396 2832 etiam
418 2770 481 2850 illa,
505 2770 586 2852 quod
610 2789 702 2834 omne
718 2788 829 2852 corpus
846 2769 1057 2866 corporalibus
1074 2769 1278 2849 diiudicant,
1303 2769 1437 2833 animam

299 2892 373 2938 uero
395 2876 431 2937 ut
452 2875 678 2958 incorporalem
700 2875 955 2956 incorporalibus,
984 2875 1154 2956 sapientiae
1178 2874 1298 2938 scilicet
1320 2874 1437 2938 studiis,

300 2977 355 3040 sed
383 2996 441 3041 nec
463 2978 514 3041 hic
536 2979 650 3061 gradm
675 2978 772 3042 stabit
794 2979 889 3042 etiam
913 2978 1028 3044 Sorano
1052 2977 1245 3043 methodicae
1269 2978 1437 3042 medicinae

247 3100 273 3139 11
298 3081 539 3145 instructissimo
563 3086 686 3146 auctore
709 3084 918 3166 respondente
935 3084 1074 3148 animam
1089 3083 1303 3166 corporalibus
1319 3101 1437 3164 quoque

235 3186 237 3189 ’
301 3185 355 3265 ali,
386 3186 519 3267 denique
542 3186 736 3250 deficientem
761 3205 832 3250 eam
855 3188 923 3252 cibo
945 3189 1129 3271 plerumque
1152 3188 1263 3251 1111111.
1311 3186 1436 3268 quidni?

300 3307 360 3370 quo
390 3290 536 3371 adempto
566 3291 599 3354 in
629 3293 733 3355 totum
763 3290 909 3355 dilabitur
941 3311 977 3355 ex
1007 3309 1144 3375 corpore.
1189 3292 1233 3355 ita
1256 3292 1351 3356 etiam
1372 3291 1437 3373 ipse

300 3392 435 3458 Soranus
466 3395 647 3477 plenissime
679 3414 771 3479 super
803 3396 909 3458 anima
939 3399 1168 3460 commentatus
1195 3399 1328 3476 quatuor
1352 3394 1437 3457 uolu-

300 3497 437 3562 minibus
469 3502 500 3563 et
530 3517 602 3562 cum
633 3500 777 3563 omnibus
808 3500 1066 3582 philosophorum
1097 3500 1263 3564 sententiis
1299 3503 1435 3582 expertus

248 3624 274 3662 eo
300 3603 491 3686 corporalem
503 3602 627 3666 animae
640 3603 852 3668 substantiam
865 3605 1013 3686 uindicat,
1030 3604 1090 3668 etsi
1104 3605 1192 3668 illam
1204 3604 1435 3669 immortalitate

300 3706 466 3770 fraudauit.
506 3724 569 3770 non
593 3707 676 3771 enim
700 3708 841 3772 omnium
865 3712 914 3772 est
938 3709 1062 3772 credere
1086 3709 1168 3791 quod
1192 3708 1435 3774 Christianorum

344 3917 520 3983 lagnoseam
534 3915 585 3969 Gal
636 3914 690 3967 iam
710 3932 772 3967 uero
789 3917 903 3984 scripsi:
921 3916 1056 3969 enimuero
1069 3918 1096 3970 B
1150 3916 1314 3985 5sigillaria
1329 3915 1435 3985 scripsi:

300 4001 427 4068 sigillario
445 4004 472 4056 Β
526 4003 635 4056 6111111
657 4002 720 4056 Gal:
737 4005 826 4055 motus
845 4005 872 4056 Β
930 4003 1049 4071 agitante
1070 4004 1133 4058 Gal:
1150 4003 1296 4071 agitantem
1315 4005 1342 4057 Β
1396 4002 1435 4054 uis

298 4091 368 4144 Lat:
386 4089 453 4142 nisio
472 4089 499 4142 Β
551 4087 711 4156 incorporali
732 4089 795 4143 Gal:
813 4089 986 4158 incorporalis
1005 4091 1032 4144 Β
1103 4093 1118 4146 9
1138 4093 1223 4144 111111
1244 4089 1433 4146 (111111111Β

301 4180 333 4231 lo
351 4179 432 4239 tactu,
452 4178 482 4228 11
500 4176 560 4228 uisu
579 4178 630 4231 Urs
682 4179 716 4230 22
734 4176 770 4228 111
788 4177 910 4230 11111111
930 4178 993 4232 Gal:
1011 4176 1167 4230 adiudicant
1185 4179 1212 4232 Β
1264 4175 1433 4232 2611111111-

299 4267 353 4315 tem
372 4280 429 4315 eam
453 4265 517 4317 Urs:
540 4262 1046 4332 (111111111111Β,1111111111111111
1067 4265 1117 4318 Gal
1179 4263 1434 4320 2111111111

300 4365 332 4400 ne
350 4345 378 4402 Β
431 4352 463 4403 al
483 4348 620 4402 fraudauit
640 4351 703 4404 cer:
721 4348 859 4404 fraudabit
878 4353 904 4405 Β
