3200 5034
295 450 357 513 278
525 450 639 516 Quinti
659 450 797 518 Septimi
816 449 985 502 Florentis
1004 447 1204 501 Tertulliani

195 661 198 665 Δ
294 627 418 691 aemulo
441 626 533 690 modo
555 626 794 690 redaccenderet
817 625 931 704 inedia,
956 624 1037 688 sieut
1051 625 1224 688 extinxerat
1240 624 1358 707 sagina,
1380 642 1437 707 pro

294 731 386 794 unico
408 730 525 794 inlicito
547 731 639 812 plura
660 730 746 793 licita
768 731 995 794 contemnens?

336 833 366 897 4.
387 835 475 897 Haec
497 834 577 898 ratio
601 834 787 897 seruabatur
810 834 892 917 apud
915 833 1144 917 prouidentiam
1167 833 1216 896 dei
1239 852 1294 914 pro
1317 837 1437 915 tempo-

293 939 380 1003 ribus
412 939 517 1003 omnia
547 939 755 1023 modulantis,
786 959 826 1003 ne
856 940 925 1021 quis
958 958 994 1001 ex
1025 938 1150 1002 diuerso
1181 939 1221 1002 ad
1244 939 1437 1002 deiciendam

267 1071 279 1109 s
294 1044 537 1126 propositionem
554 1047 705 1123 nostram,
722 1061 776 1106 cur
792 1061 876 1127 ergo,
893 1043 986 1123 dicat,
1003 1060 1065 1107 non
1082 1044 1190 1107 statim
1207 1044 1284 1107 deus
1300 1044 1437 1125 aliquam

293 1148 396 1211 uictus
428 1148 590 1212 constituit
620 1148 872 1231 castigationem,
904 1148 980 1229 quin
1009 1148 1107 1212 immo
1138 1152 1170 1212 et
1199 1148 1285 1211 auxit
1306 1149 1437 1230 permis-

293 1253 436 1316 sionem?
482 1270 556 1315 nam
586 1253 619 1315 in
642 1252 817 1335 'primordio
850 1252 975 1333 quidem
998 1252 1164 1316 herbidum
1187 1253 1378 1316 solummodo
1400 1255 1437 1315 et

294 1356 460 1421 arboreum
475 1357 597 1421 homini
614 1356 766 1441 pabulum
789 1357 964 1420 addixerat:
989 1375 1073 1420 ecoe
1096 1357 1179 1420 dedi
1203 1354 1308 1420 nobis
1331 1375 1435 1420 omne

293 1461 444 1525 faenum
476 1460 726 1525 sementinum
757 1460 948 1524 seminans
980 1479 1106 1524 semen
1129 1460 1224 1541 quod
1248 1465 1435 1543 estsuper

241 1569 447 1646 1oterran1,
486 1568 522 1628 et
558 1583 663 1628 omne
701 1564 846 1648 lignum
884 1564 978 1645 quod
1012 1562 1126 1628 habet
1158 1564 1196 1627 in
1235 1565 1434 1646 semetipso

292 1669 454 1733 fructum
479 1669 632 1733 seminis
657 1668 858 1732 sementiui
881 1668 987 1732 uobis
1011 1668 1083 1731 erit
1105 1668 1142 1731 in
1164 1686 1295 1732 escam.
1328 1670 1435 1749 postea

292 1791 365 1837 uero
397 1773 436 1836 ad
458 1772 526 1837 Noe
554 1776 737 1837 enumerata
760 1772 952 1836 subiectione
975 1772 1117 1836 omnium
1139 1772 1313 1835 bestiarum
1335 1774 1432 1835 terrae

293 1881 324 1941 et
354 1878 531 1941 uolatilium
561 1878 640 1941 caeli
671 1880 702 1940 et
732 1877 929 1941 monentium
959 1877 992 1940 in
1023 1878 1106 1940 terra
1130 1879 1162 1939 et
1183 1876 1317 1959 piscium
1339 1876 1431 1939 maris

293 1986 324 2044 et
346 1981 448 2045 omnis
472 1981 642 2063 serpentiS,
674 1985 796 2061 erunt,
826 1982 942 2062 inquit,
973 1980 1080 2045 uobis
1103 1981 1139 2043 in
1164 1999 1301 2044 escam:
1331 1981 1433 2044 uelut

240 2113 264 2151 15
291 2086 422 2150 holera
451 2086 553 2149 faeni
584 2085 667 2149 dedi
697 2086 804 2149 uobis
835 2086 1028 2166 uniuersa,
1064 2103 1192 2149 uerum
1223 2102 1368 2149 carnem
1395 2086 1431 2148 in

293 2191 478 2273 sanguine
513 2191 659 2253 animae
693 2207 782 2253 suae
816 2208 887 2254 uon
922 2189 1052 2254 edetis.
1102 2208 1178 2253 narn
1209 2193 1240 2253 et
1270 2190 1328 2253 hoe
1357 2190 1431 2273 ipso,

291 2295 373 2377 quod
404 2313 474 2358 eam
506 2296 605 2357 solam
635 2312 763 2357 earnem
793 2294 860 2357 esui
891 2294 1014 2374 eximit,
1046 2294 1134 2357 euius
1166 2294 1271 2358 anima
1297 2312 1357 2357 uon
1379 2313 1432 2376 per

293 2400 479 2482 sangninem
503 2398 688 2478 effunditur,
716 2398 818 2461 omnis
841 2399 979 2480 reliquae
1004 2400 1104 2463 carnis
1128 2416 1222 2462 usum
1245 2398 1430 2462 concessisse

293 2504 495 2567 manifestum
527 2507 584 2566 est.
631 2502 670 2565 ad
699 2502 777 2565 haec
807 2503 1032 2585 respondemus
1063 2522 1125 2567 non
1154 2504 1340 2586 competisse
1363 2521 1431 2566 one·

238 2636 264 2674 20
292 2608 355 2670 rari
378 2607 538 2671 hominem
561 2607 667 2689 aliqua
690 2607 790 2670 adhue
815 2607 1022 2672 abstinentiae
1046 2608 1124 2690 lege,
1146 2609 1286 2689 quicum
1302 2608 1430 2670 maxime

292 2715 360 2775 tam
393 2712 497 2775 leuem
531 2711 781 2776 interdictionem
817 2712 909 2775 unius
945 2712 1065 2775 scilicet
1094 2712 1180 2794 pomi
1212 2712 1344 2775 tolerare
1373 2728 1430 2774 non

291 2816 408 2898 potuit3
440 2816 608 2879 remissum
639 2816 744 2896 itaque
774 2816 863 2879 illum
894 2816 1039 2880 libertate
1070 2816 1139 2897 ipsa
1164 2814 1427 2879 corroborandum.

294 2937 391 3001 aeque
413 2923 484 3001 post
507 2920 659 2983 diluuium
683 2920 716 2982 in
738 2919 959 2984 reformatione
982 2920 1104 3002 generis
1128 2919 1259 2983 humani
1279 2919 1429 2983 suffecisse

294 3041 390 3086 unam
413 3024 538 3087 interim
561 3024 663 3106 legem
687 3042 705 3087 a
728 3025 880 3107 sanguine
904 3023 1082 3088 abstinendi
1105 3024 1258 3107 permisso
1282 3042 1339 3086 usu
1355 3025 1430 3085 cete-

240 3154 265 3193 25
293 3145 408 3191 rorum.
454 3128 520 3191 iarn
543 3128 627 3191 euim
649 3127 801 3191 iudicium
825 3128 969 3191 dominus
993 3128 1173 3191 ostenderat
1194 3147 1250 3210 per
1274 3127 1429 3205 diluuium,

293 3232 395 3294 adhuc
426 3232 522 3294 etiarn
552 3232 761 3294 comminatus
791 3231 896 3295 iuerat
925 3250 980 3313 per
1011 3232 1249 3312 exquisitionem
1277 3230 1429 3314 sanguinis

295 3337 332 3399 de
362 3355 458 3399 manu
488 3336 592 3399 fratris
622 3340 653 3399 et
676 3336 714 3399 de
737 3354 833 3399 manu
857 3336 977 3399 bestiae
1001 3336 1112 3400 omnis.
1158 3336 1265 3417 itaque
1287 3334 1429 3399 iustitiam

293 3441 398 3504 iudicii
428 3440 687 3522 praeministrans
718 3441 884 3504 materiam
914 3416 1071 3504 libertatis
1103 3440 1208 3503 emisit
1234 3458 1290 3521 per
1313 3440 1427 3502 ueniam

295 3563 468 3627 supparans
492 3544 700 3626 disciplinam,
723 3544 910 3627 permittens
931 3545 1045 3624 omnia,
1069 3547 1104 3608 ut
1120 3544 1260 3607 demeret
1276 3543 1427 3625 quaedam,

241 3676 267 3714 eo
293 3650 364 3731 plus
388 3653 563 3731 exacturus,
588 3649 614 3712 si
636 3650 708 3732 plus
732 3649 953 3728 commisisset,
977 3648 1201 3713 abstinentiam
1219 3648 1427 3730 imperatorne,

295 3772 366 3816 cum
397 3753 626 3836 indulgentiam
656 3752 879 3835 praemisisset,
911 3770 971 3834 quo
995 3752 1107 3835 magis,
1136 3756 1172 3816 ut
1201 3752 1344 3831 diximus,
1373 3749 1428 3833 pri-

398 3994 427 4064 8]
448 3993 513 4049 Gen.
529 3998 551 4058 1,
565 3997 606 4049 29.
663 3993 707 4062 14]
727 3993 793 4048 Gen.
807 3997 832 4057 9,
846 3995 868 4047 2.
923 3994 968 4063 26]
990 3993 1022 4047 cf.
1037 3994 1102 4049 Gen.
1116 3996 1140 4059 9,
1154 3996 1178 4049 5.

338 4221 451 4276 2uuico
473 4222 536 4276 cer:
553 4238 606 4274 uno
625 4222 652 4275 B
714 4218 913 4274 lmodulantis
937 4220 965 4287 0,
988 4220 1154 4273 moderantis
1172 4219 1199 4274 B
1264 4218 1428 4275 8arboreum
1462 4250 1464 4253 -

296 4309 360 4362 cer.-
386 4307 511 4360 arborurn
538 4310 565 4362 B
636 4311 651 4363 9
680 4306 860 4359 sementinum
885 4306 948 4361 Gal:
975 4307 1154 4360 sementinum
1178 4308 1219 4374 B;
1241 4309 1280 4363 sic
1302 4314 1326 4361 et
1343 4310 1429 4375 posteo

296 4397 328 4450 14
348 4395 477 4461 serpentis
491 4396 526 4461 B,
544 4394 699 4449 uiuentisO
754 4395 785 4448 17
805 4392 861 4445 esui
877 4393 906 4461 0,
925 4412 974 4449 em.
989 4395 1016 4448 B
1070 4396 1103 4448 23
1123 4395 1302 4461 aequePcm:
1320 4390 1428 4460 atqueB
