3200 5034
564 448 624 502 VII.
644 449 688 503 De
706 449 871 519 baptismo
891 453 1000 507 12-15.
1286 454 1349 519 213

207 625 277 706 ite,
308 626 420 709 inquit,
451 626 581 691 docete
610 626 783 691 nationes
815 627 1036 711 tinguentes
1068 646 1130 693 666
1156 630 1194 694 16
1217 649 1349 695 nomen

206 730 333 794 Patris
363 734 399 794 et
422 730 511 795 Filii
541 734 578 795 et
600 730 763 814 Spiritus
786 731 923 798 Sancti.
962 733 1034 797 huic
1063 734 1126 818 legi
1157 734 1270 799 collata
1296 736 1349 799 de-

205 834 305 898 fiuitio
327 835 390 915 illa,
421 835 497 899 6161
519 836 604 918 6616
626 838 780 900 renatus
811 836 930 901 fuerit
958 857 998 901 ex
1022 855 1116 920 6666
1139 841 1175 902 61
1197 839 1349 922 spiritu,

206 957 277 1003 non
309 939 469 1029 intrabit
498 940 536 1003 in
566 959 722 1023 regnum
751 941 958 1021 caelorum,
989 940 1157 1007 obstrinxit
1185 942 1280 1007 fidem
1310 944 1349 1009 ad

205 1043 356 1125 baptismi
379 1044 609 1109 necessitatem.
648 1045 752 1127 itaque
775 1062 885 1109 omnes
908 1046 1018 1110 exinde
1041 1047 1202 1111 eredentes
1224 1047 1349 1132 tingue·
1388 1075 1401 1114 6

205 1147 329 1212 bantur.
368 1151 444 1212 tune
466 1151 499 1212 et
520 1150 648 1229 Paulus,
678 1148 734 1212 ubi
756 1149 895 1229 credidit,
927 1150 1044 1214 tinctus
1069 1153 1126 1214 est.
1165 1153 1197 1215 et
1219 1151 1277 1216 hoc
1300 1156 1349 1217 est

205 1252 287 1334 quod
310 1255 341 1316 et
364 1252 508 1316 dominus
530 1254 563 1316 16
579 1254 634 1317 illa
647 1254 742 1336 plaga
756 1253 926 1319 orbationis
942 1258 1152 1337 praeceperat,
1177 1274 1347 1340 exsurge,

205 1357 323 1437 dicens,
347 1361 382 1421 et
404 1358 519 1421 introi
542 1358 779 1438 Damascum,
810 1358 892 1422 11116
915 1358 988 1422 1111
1011 1358 1347 1442 demonstrabitur,

181 1462 292 1542 'quid
321 1461 459 1525 debeas
488 1480 611 1545 agere,
643 1462 761 1527 scilicet
790 1462 902 1545 tingui,
934 1463 1016 1543 quod
1047 1463 1148 1527 solum
1177 1464 1204 1527 61
1232 1464 1347 1530 deerat.

204 1566 342 1649 alioquin
365 1566 442 1631 satis
465 1566 614 1631 didicerat
636 1570 730 1649 61666
753 1568 926 1631 crediderat
940 1566 1140 1631 Nazarenum
1156 1586 1225 1632 esse
1248 1569 1348 1634 domi·
1375 1596 1401 1634 ιο

205 1690 282 1735 uum
308 1671 355 1734 dei
378 1670 488 1735 lilium.

250 1774 299 1839 14.
320 1774 381 1840 Sed
396 1776 434 1840 16
449 1776 517 1857 1666
537 1776 675 1856 apostolo
696 1775 879 1840 reuoluunt:
903 1776 985 1857 quod
1009 1776 1133 1839 dixerit:
1157 1794 1229 1840 non
1252 1778 1346 1841 enim

203 1899 260 1944 me
283 1880 327 1944 ad
349 1880 594 1963 tinguendum
618 1879 791 1944 Christus
816 1880 928 1943 misit.
967 1880 1058 1961 quasi
1081 1879 1139 1943 hoc
1162 1885 1347 1963 argumento

203 1986 381 2068 baptismus
412 1985 576 2049 adimatur.
615 2003 670 2048 cur
700 1985 783 2048 enim
815 1984 906 2047 tinxit
933 1982 1047 2049 Gaium
1079 1987 1111 2048 61
1140 1983 1286 2066 Crispum
1317 1989 1348 2050 61

203 2089 380 2171 Stephanae
403 2090 554 2153 domum?
592 2106 784 2171 quamquam
808 2089 867 2152 6161
890 2106 953 2152 666
969 2107 1041 2152 eum
1057 2088 1187 2153 miserat
1203 2089 1345 2154 Christus
1374 2115 1398 2155 15

202 2194 243 2258 ad
257 2194 475 2277 tinguendum,
487 2197 594 2257 tamen
606 2194 674 2257 61116
687 2193 836 2275 apostolis
847 2196 1049 2274 praeceperat
1059 2193 1211 2276 tinguere.
1235 2213 1346 2258 uerum

202 2299 282 2362 haee
303 2316 359 2381 pro
383 2298 562 2362 condicione
585 2301 660 2361 tuuc
683 2297 833 2378 temporis
857 2297 896 2360 ad
919 2295 1095 2361 Corinthios
1123 2297 1240 2380 scripta
1262 2302 1345 2380 sunt,

203 2403 349 2485 quoniam
373 2403 544 2467 schismata
567 2404 597 2465 et
620 2402 829 2465 dissensiones
846 2401 1012 2465 interillos
1028 2400 1246 2482 mouebantur,
1270 2402 1346 2467 dum

203 2507 284 2570 alius
308 2507 405 2571 Paulo
429 2508 567 2589 deputat,
592 2506 671 2569 alius
687 2505 810 2589 Apollo.
850 2508 975 2588 propter
998 2505 1080 2587 quod
1101 2504 1248 2587 pacificus
1272 2524 1345 2590 apo-

203 2611 312 2691 stolus,
335 2630 374 2675 ne
397 2610 457 2674 sibi
480 2611 585 2674 omnia
608 2608 773 2675 defendere
796 2610 964 2690 uideretur,
987 2628 1050 2674 666
1074 2610 1113 2673 61
1136 2610 1344 2694 tinguendum
1371 2636 1400 2674 so

202 2715 247 2778 ait
270 2734 304 2778 se
326 2716 470 2794 missum,
494 2715 549 2778 sed
571 2715 612 2778 ad
633 2714 885 2796 praedicandum.
925 2731 999 2777 nam
1022 2717 1053 2777 61
1075 2714 1161 2797 prius
1185 2718 1233 2778 est
1255 2733 1345 2797 prac-

202 2819 315 2899 dicare,
338 2817 495 2901 posterius
517 2819 669 2901 tinguere.
709 2821 740 2882 61
761 2818 848 2899 prius
869 2817 1092 2899 praedicatum.
1131 2821 1207 2901 puto
1227 2823 1344 2901 autem,

202 2923 291 2987 licuit
315 2926 346 2986 61
368 2922 521 3005 tinguere,
545 2922 594 2986 cui
617 2922 707 2986 licuit
728 2922 917 3005 praedicare.

247 3024 297 3092 15.
321 3027 434 3090 Nescio
457 3027 484 3090 si
506 3027 581 3109 quid
603 3027 739 3110 amplius
763 3027 803 3090 ad
819 3026 1063 3090 controuersiam
1078 3026 1229 3109 baptismi
1244 3029 1345 3092 uenti-

201 3133 294 3195 latur.
334 3150 409 3196 sane
431 3135 570 3195 retexam
594 3132 678 3213 quod
701 3149 795 3212 supra
818 3131 918 3211 omisi,
946 3150 985 3194 ne
1007 3130 1210 3195 imminentes
1234 3150 1344 3197 666666
1371 3158 1397 3195 rs

202 3236 309 3299 uidear
331 3236 524 3300 intercidere.
564 3255 645 3299 unus
669 3236 795 3300 omniuo
819 3235 995 3319 baptismus
1020 3235 1190 3317 66166116,
1218 3240 1284 3301 tam
1308 3257 1345 3301 ex

201 3340 321 3404 domini
345 3340 506 3424 euangelio
530 3358 625 3422 quam
649 3360 685 3403 ex
708 3340 840 3422 apostoli
859 3339 984 3416 litteris,
1008 3340 1251 3422 quoniamunus
1268 3341 1344 3405 1666

202 3448 234 3508 61
256 3463 356 3507 unum
378 3443 537 3525 baptisma
560 3448 591 3509 61
613 3462 677 3508 666
699 3444 885 3508 6661661616
908 3444 1011 3508 caelis.
1051 3444 1106 3508 sed
1128 3445 1209 3508 eirca
1235 3445 1344 3509 haere·

201 3550 280 3613 ticos
304 3566 379 3613 sane
402 3548 478 3630 quid
500 3548 738 3613 custodiendum
758 3548 809 3629 sit,
833 3548 925 3631 digne
947 3548 1015 3630 quis
1035 3551 1193 3613 retractet.
1229 3549 1268 3613 61
1286 3568 1343 3614 666

201 3653 286 3716 enim
310 3652 429 3716 editum
452 3657 512 3717 cst.
550 3652 699 3717 haeretiei
730 3657 837 3717 autem
860 3653 983 3717 nullum
1012 3652 1131 3717 habent
1153 3653 1343 3717 consortium
1370 3679 1396 3718 so

200 3759 326 3820 nostrae
343 3756 534 3839 disciplinae,
558 3776 635 3839 quos
652 3761 814 3822 extraneos
830 3758 938 3839 611666
953 3760 1087 3821 testatur
1102 3758 1172 3840 ipsa
1188 3757 1344 3841 ademptio
1445 3804 1451 3811 .

307 3954 334 4024 r]
352 3954 558 4019 66666616.
613 3955 640 4024 6]
660 3955 717 4009 Ich.
731 3958 755 4019 s,
769 3959 793 4011 5.
849 3955 876 4024 r]
897 3953 955 4008 net.
969 3958 995 4019 6,
1008 3957 1032 4010 6.
1092 3955 1135 4024 12]
1157 3958 1170 4011 1
1190 3954 1250 4011 eor.
1265 3958 1288 4021 1,
1303 3958 1342 4011 rr.

245 4142 260 4193 7
279 4138 402 4207 61,Β,61
425 4138 553 4205 1116161,
575 4138 626 4193 cer
696 4140 729 4194 19
746 4137 866 4207 Apollini
885 4138 1063 4193 Honoratus
1133 4140 1167 4193 22
1189 4140 1216 4192 61
1232 4139 1345 4208 scripsi.-

200 4225 247 4277 sed
266 4226 301 4292 Β,
320 4225 343 4278 61
361 4226 441 4295 Bmp,
456 4225 515 4294 Gal,
533 4223 579 4278 sed
598 4225 633 4279 sit
655 4227 714 4290 Urs,
733 4224 772 4277 sic
793 4224 919 4280 06116166
989 4227 1023 4279 26
1041 4227 1098 4277 tam
1119 4224 1181 4280 ees:
1203 4228 1294 4279 tamen
1316 4227 1344 4279 Β

198 4314 233 4367 27
252 4328 321 4365 6666
340 4310 405 4365 1666
423 4315 450 4365 61
472 4313 538 4368 Urs:
559 4328 627 4365 unus
646 4315 673 4366 et
690 4312 725 4380 B,
748 4328 818 4365 6666
836 4312 961 4365 dominus
979 4314 1007 4364 et
1025 4313 1082 4367 Lat
1152 4314 1187 4367 28
1210 4311 1344 4380 baptisma

205 4399 272 4455 Urs:
288 4395 454 4467 baptismum
472 4398 499 4452 Β
552 4400 586 4453 29
604 4398 669 4467 6611
687 4400 773 4454 Pam:
791 4413 858 4465 quae
876 4398 903 4453 Β
