3200 5034
297 434 362 499 252
530 435 646 502 Quinti
665 436 804 507 Septimi
822 436 988 491 Florentia
1007 437 1210 493 Tertulliani

299 631 351 675 me
374 612 479 692 deus,
503 616 539 676 et
560 613 708 696 lugeam
725 614 863 677 multos
881 632 1004 678 eorum
1021 616 1083 696 qui
1099 617 1184 678 ante
1200 600 1436 695 deliquerunt

299 720 334 779 et
356 717 629 799 paenitentiam
658 736 731 781 non
755 722 914 801 egerunt
936 738 1050 801 super
1073 718 1311 782 immunditia
1334 736 1435 799 quam

299 819 547 901 admiserunt,
581 822 835 886 fornicatione
870 826 905 886 et
938 823 1103 903 uilitate,
1137 840 1198 887 non
1229 822 1337 903 utique
1364 821 1436 885 reci·

297 925 428 1008 piendos
458 926 637 1006 constituit,
668 927 694 990 si
724 928 952 1010 paenitentiam
980 928 1125 1007 inissent,
1157 944 1234 1009 quos
1256 926 1290 990 in
1313 926 1437 989 ecclesia

261 1060 274 1099 e
300 1031 486 1094 inuentnms
510 1035 586 1111 erat,
610 1032 665 1095 sed
687 1031 839 1115 lugendos
864 1035 895 1095 et
918 1032 983 1095 sine
1007 1031 1101 1097 dubio
1124 1031 1291 1111 eiciendos,
1314 1033 1351 1094 ut
1368 1048 1437 1113 pae-

254 1196 258 1199 .
298 1135 464 1199 nitentium
493 1135 667 1218 perderent,
714 1140 746 1199 et
775 1139 915 1200 ceterum
943 1154 1005 1200 non
1029 1137 1178 1218 competit
1202 1154 1273 1199 enm
1298 1135 1335 1198 de
1357 1151 1436 1198 com-

299 1240 509 1303 munieatione
538 1240 653 1321 aliquid
676 1241 725 1303 hic
748 1240 936 1320 ostendisse,
968 1240 1020 1323 qui
1044 1259 1113 1305 eam
1137 1258 1231 1322 supra
1254 1240 1317 1303 luci
1341 1241 1371 1302 et
1392 1241 1436 1301 te·

298 1343 414 1424 nebris,
437 1343 576 1407 iustitiae
600 1348 631 1407 et
652 1344 812 1425 iniquitati
835 1348 974 1428 negarat.
1020 1344 1075 1409 sed
1098 1346 1242 1427 ignorant
1265 1343 1435 1426 apostolum

298 1466 407 1511 omnes
437 1448 503 1528 isti,
534 1448 586 1530 qui
613 1448 728 1529 aliquid
751 1452 860 1512 contra
882 1452 1028 1513 naturam
1053 1453 1146 1529 atque
1168 1448 1363 1530 propositum
1384 1446 1436 1511 ho·

247 1584 273 1621 ιο
299 1552 392 1616 minis
419 1552 531 1635 ipsius,
562 1556 670 1616 contra
692 1553 826 1617 formem
851 1556 883 1616 et
904 1554 1045 1637 regulam
1069 1552 1281 1616 doctrinarum
1304 1552 1370 1615 eius
1392 1550 1436 1613 in·

299 1656 513 1740 tellegunt,u
551 1656 727 1721 sanct'tatis
750 1657 851 1721 omnis
876 1658 969 1721 etiam
993 1677 1029 1721 ex
1052 1657 1220 1738 semetipso
1244 1656 1434 1739 magistrum,

298 1761 490 1843 impuritatis
513 1761 614 1825 omnis
638 1765 865 1825 exsecratorem
889 1765 918 1825 et
943 1762 1130 1845 expiatorem
1154 1764 1186 1825 et
1207 1760 1323 1841 ubique
1344 1760 1434 1823 talem

298 1865 389 1929 citius
419 1865 539 1929 incesto
570 1883 664 1947 quam
688 1866 780 1929 alicui
803 1865 979 1929 humaniori
1003 1884 1055 1929 reo
1079 1865 1245 1930 ecclesiam
1269 1864 1434 1929 reddidisse

298 1973 511 2053 praesumant.

248 2104 272 2141 ιδ
344 2073 393 2138 16.
423 2074 560 2139 Necesse
591 2079 639 2139 est
669 2075 763 2158 igitur
793 2094 893 2157 usque
916 2076 978 2140 illis
1002 2075 1178 2158 apostolum
1202 2074 1324 2139 ostendi
1346 2090 1434 2155 quem

299 2198 356 2263 ego
386 2183 419 2243 et
448 2180 480 2242 in
511 2179 649 2243 secunde
672 2179 903 2244 Corinthiorum
934 2180 1030 2244 talem
1062 2179 1228 2243 defendam
1256 2179 1379 2260 qualem
1405 2177 1434 2239 in

299 2283 444 2347 omnibus
474 2284 586 2347 litteris
616 2283 699 2347 noni.
740 2285 790 2366 qui
815 2288 847 2348 et
868 2286 900 2348 in
922 2285 1025 2367 prima
1047 2284 1168 2366 primus
1191 2283 1333 2347 omnium
1359 2285 1435 2345 tem·

299 2389 386 2471 plum
410 2388 459 2451 dei
482 2387 653 2451 dedicauit:
684 2402 754 2452 non
786 2388 894 2453 scitis
918 2407 982 2452 uos
1007 2388 1187 2469 templum
1210 2387 1269 2451 dei
1292 2405 1373 2455 esso
1403 2388 1435 2447 et

299 2494 335 2556 in
370 2491 477 2556 uobis
512 2492 699 2557 dominum
733 2493 927 2557 habitare?
969 2492 1022 2574 qui
1057 2495 1089 2556 et
1121 2491 1238 2573 templo
1273 2490 1434 2554 sanciendo

247 2626 273 2664 ro
299 2596 551 2680 purificandoque
575 2597 764 2661 aeditualem
787 2598 890 2680 legem
914 2597 1053 2679 scripsit:
1085 2597 1116 2660 si
1147 2596 1229 2678 quis
1260 2595 1434 2677 templum

299 2701 357 2765 dei
380 2701 592 2781 uitiauerit,
617 2701 774 2765 uitiabit
795 2702 903 2766 illum
928 2701 1031 2775 deus;
1060 2701 1239 2783 templum
1263 2699 1360 2763 enim
1381 2698 1435 2761 dei

300 2809 471 2869 sanctum
495 2810 566 2885 est,
589 2806 685 2886 quod
708 2806 799 2869 estis
823 2824 898 2870 uos.
937 2824 995 2889 age
1015 2804 1089 2885 iam,
1110 2805 1181 2886 quis
1201 2804 1329 2867 omnino
1348 2802 1435 2865 uitia-

300 2915 368 2974 tum
392 2909 490 2973 adeo
513 2910 739 2993 redintegrauit
768 2910 797 2973 id
829 2914 878 2975 est
901 2910 1050 2975 traditum
1074 2913 1202 2973 satanae
1224 2910 1255 2972 in
1279 2906 1435 2971 interitum

300 3015 413 3095 carnia,
430 3034 502 3078 cum
519 3013 630 3079 idcirco
647 3014 869 3079 substruxerit:
892 3034 999 3079 nemo
1022 3013 1182 3097 seducat·
1198 3013 1435 3094 semetipsum

247 3147 273 3186 re
298 3120 331 3183 id
365 3123 413 3183 est
445 3138 537 3184 nemo
571 3124 752 3202 praesumat
785 3120 932 3184 uitiatum
968 3139 986 3184 a
1020 3121 1076 3184 deo
1107 3117 1311 3201 redintegrari
1341 3117 1435 3180 denuo

299 3227 412 3307 posse?
451 3225 531 3287 siout
550 3242 658 3288 rursus
674 3225 756 3288 inter
771 3228 885 3304 cetera,
909 3226 1006 3289 immo
1022 3228 1053 3288 et
1073 3227 1145 3287 ante
1161 3226 1274 3303 cetera,
1295 3221 1435 3285 moechos

300 3331 333 3391 et
353 3329 554 3393 fornicatores
586 3332 618 3392 et
647 3329 757 3392 molles
789 3332 821 3392 et
843 3329 1055 3393 masculorum
1078 3325 1294 3392 concubitores
1322 3342 1435 3407 negans

299 3452 433 3516 regnum
457 3432 506 3496 dei
529 3437 751 3496 consecuturos
774 3434 951 3515 praemisit:
983 3451 1027 3498 ne
1055 3430 1291 3511 erraueritis,
1323 3430 1436 3494 scilicet

301 3538 326 3600 si
349 3537 534 3619 putaueritis
559 3555 611 3601 eos
635 3541 865 3602 consecuturos.
906 3536 1018 3620 quibus
1043 3541 1148 3601 autem
1171 3554 1304 3619 regnum
1333 3534 1435 3598 adimi·

247 3670 274 3707 eo
301 3645 361 3721 tur,
392 3642 499 3724 utique
530 3660 588 3705 nec
618 3641 682 3705 uita
705 3642 899 3723 permittitur
921 3659 1000 3721 quae
1023 3641 1105 3705 inest
1131 3658 1237 3723 regno.
1277 3639 1371 3703 etiam
1392 3638 1435 3701 in-

300 3765 430 3829 gerens:
461 3746 525 3810 sed
547 3746 638 3809 haec
661 3745 808 3827 quidem
831 3745 976 3825 fuistis,
1008 3745 1071 3809 sed
1094 3744 1216 3809 abluti
1239 3744 1349 3823 estis,
1377 3740 1435 3805 sed

265 3894 268 3899 -
300 3850 538 3914 sanctificati
562 3849 654 3914 estis
676 3850 713 3914 in
735 3850 885 3913 nominc
910 3849 1048 3913 domini
1071 3850 1155 3913 Iesu
1181 3848 1382 3917 Christiet
1402 3846 1435 3908 in

300 3954 438 4037 spiritu
461 3954 518 4017 dei
541 3954 676 4034 nostri,
700 3956 816 4036 quanto
841 3953 954 4017 delicta
972 3953 1034 4017 ista
1049 3957 1121 4017 ante
1137 3953 1298 4016 lauacrum
1315 3952 1435 4031 accepto

406 4135 449 4203 ie]
471 4136 484 4190 1
504 4134 562 4191 eor.
576 4137 600 4198 3,
616 4137 648 4190 io
661 4151 698 4203 sq.
735 4134 781 4203 24]
800 4133 866 4187 euro.
879 4136 903 4198 3,
916 4136 955 4190 ie.
995 4132 1041 4201 ae]
1054 4131 1118 4187 ibid.
1129 4136 1153 4195 o,
1163 4134 1187 4186 a
1224 4131 1271 4201 31]
1290 4131 1354 4185 ibid.
1365 4134 1387 4193 e,
1398 4130 1434 4184 11.

344 4300 473 4356 3nilitate
484 4302 568 4355 Porro:
580 4299 698 4353 utilitate
707 4300 734 4353 B
789 4301 821 4353 16
831 4298 938 4366 qualem
951 4302 977 4353 et
988 4298 1017 4351 in
1029 4300 1070 4365 B;
1083 4301 1109 4351 et
1121 4298 1170 4352 del.
1186 4298 1237 4352 Gal
1289 4297 1321 4351 21
1334 4294 1435 4348 uitiabit
1455 4378 1461 4385 .

300 4387 634 4446 neccommittam
698 4389 732 4442 23
750 4404 766 4438 a
784 4387 834 4440 del.
857 4386 907 4442 Gal
976 4388 1010 4441 25
1029 4402 1044 4438 a
1062 4386 1112 4439 del.
1134 4385 1185 4439 Gal
1252 4386 1286 4439 28
1305 4399 1352 4436 nec
1370 4384 1435 4437 Pom
