3200 5034
578 428 611 482 X.
630 430 675 482 De
694 429 801 482 anima
819 433 930 485 25-26.
1267 435 1331 498 343

185 622 353 686 possumus
377 605 447 668 illos
470 623 594 686 quoque
616 606 788 689 recogitare
812 606 864 687 qui
888 610 1011 672 exsecto
1035 609 1144 672 matris
1160 612 1249 672 utero
1265 610 1332 672 uiui

186 728 291 772 aerem
321 710 509 789 hauserunt,
540 709 645 773 Liberi
676 709 773 791 aliqui
796 714 828 774 et
851 710 1020 792 Scipiones,
1067 713 1176 794 quodsi
1200 714 1266 794 qui,
1297 719 1332 777 ut

186 814 286 894 Plato,
309 814 438 896 perinde
462 832 525 879 uon
548 818 638 896 putat
661 814 737 877 duas
762 816 883 878 animas
905 815 937 877 in
954 835 1052 879 unum
1069 817 1234 881 conuenire
1251 819 1331 883 sicut

185 937 244 981 nec
267 937 404 1002 corpora,
429 937 486 1001 ego
508 919 554 982 illi
576 937 639 982 non
662 919 754 983 modo
772 918 849 982 duas
866 919 987 982 animas
1003 920 1035 982 in
1052 939 1150 984 unum
1167 926 1331 1004 congestas

185 1023 403 1103 ostendissem,
428 1023 509 1086 sicut
532 1026 564 1087 et
587 1040 724 1105 corpora,
748 1022 780 1086 in
804 1022 930 1103 letibus,
959 1043 1069 1087 uerum
1094 1027 1126 1088 et
1149 1026 1209 1088 alia
1231 1027 1331 1090 multa

185 1147 258 1190 cum
281 1128 387 1192 anima
408 1130 567 1207 conserta,
591 1127 753 1191 daemonis
777 1128 911 1208 scilicet,
943 1146 1000 1191 nec
1024 1129 1132 1208 unire,
1162 1133 1198 1192 ut
1221 1129 1253 1192 iu
1276 1128 1331 1194 So-

185 1235 270 1296 crate
293 1232 375 1314 ipso,
407 1251 516 1296 uerum
540 1235 571 1296 et
595 1232 763 1314 septenarii
788 1232 931 1315 spiritus,
960 1233 1050 1295 utin
1074 1233 1276 1316 Magdalena,
1301 1238 1330 1299 et

184 1337 346 1419 legionarii
376 1337 513 1416 numeri,
544 1340 580 1400 ut
610 1336 643 1400 in
674 1335 847 1416 Geraseno,
883 1351 942 1418 quo
972 1336 1096 1400 facilius
1124 1338 1228 1401 anima
1259 1357 1330 1402 cum

185 1442 291 1505 anima
309 1444 490 1504 conseretur·
506 1460 542 1504 ex
558 1441 706 1505 societate
724 1441 920 1506 substantiae
937 1459 1032 1523 quam
1050 1443 1178 1524 spiritus
1195 1461 1331 1525 nequam

68 1551 172 1607 rrae*
185 1565 221 1609 er
244 1546 423 1609 diuersitate
447 1548 587 1610 naturae.
630 1549 663 1609 at
685 1547 768 1610 idem
791 1546 825 1610 in
849 1550 935 1610 sexto
958 1546 1080 1630 Legum
1100 1549 1104 1624 1
1125 1565 1256 1612 monens
1280 1567 1330 1612 ca-

184 1669 257 1713 uere
288 1670 327 1714 ne
350 1649 471 1714 uitiatio
498 1650 626 1714 seminis
658 1669 694 1714 er
726 1651 830 1732 aliqua
861 1650 982 1714 uilitate
1013 1651 1195 1715 concubitus
1224 1651 1330 1717 labem

184 1754 303 1835 corpori
335 1757 366 1817 et
396 1755 520 1818 animae
552 1758 716 1838 supparet,
740 1755 846 1819 nescio
877 1755 915 1819 de
945 1756 1079 1838 pristina
1104 1756 1205 1839 magis
1230 1775 1270 1820 an
1293 1758 1330 1820 de

183 1859 246 1922 ista
268 1859 426 1923 sententia
449 1859 508 1923 sibi
530 1860 685 1924 exciderit.
721 1860 859 1944 ostendit
881 1859 963 1923 euim
988 1860 1128 1924 animam
1151 1861 1188 1923 de
1212 1861 1330 1925 semine

183 1963 298 2043 induci,
321 1964 404 2044 quod
426 1965 527 2028 curari
550 1968 668 2045 monet,
691 1983 753 2028 non
777 1965 815 2027 de
837 1964 939 2047 prima
959 1965 1146 2047 aspiratione
1163 1967 1328 2030 nascentia.

183 2051 277 2147 unde,
301 2086 354 2131 oro
377 2072 419 2149 te,
442 2069 647 2132 similitudine
664 2069 787 2133 animae
805 2086 927 2150 quoque
943 2069 1125 2151 parentibus
1143 2070 1180 2134 de
1196 2071 1329 2153 ingeniis

182 2172 410 2254 respondemus
441 2173 611 2236 secundum
636 2172 798 2238 Cleanthis
829 2174 1060 2254 testimonium,
1092 2175 1119 2237 si
1149 2192 1211 2238 non
1239 2178 1330 2239 etex

183 2277 307 2340 animae
331 2277 451 2341 semine
475 2277 659 2341 educimur?
697 2280 880 2341 curantem
905 2282 936 2341 et
958 2282 1081 2342 ueteres
1105 2280 1254 2362 astrologi
1276 2298 1330 2362 ge-

182 2381 322 2445 nituram
345 2381 480 2446 hominis
504 2381 542 2445 ab
566 2381 655 2446 initio
678 2386 846 2465 conceptus
871 2382 1057 2465 dirigebant,
1085 2383 1111 2445 si
1135 2402 1197 2447 non
1221 2384 1329 2454 exinde

183 2489 216 2549 et
238 2487 343 2549 anima
366 2489 435 2550 est?
480 2486 519 2549 ad
543 2504 638 2567 quam
662 2504 759 2567 aeque
782 2487 929 2569 pertinet,
953 2486 1056 2568 siquid
1079 2492 1136 2567 est,
1160 2486 1262 2551 flatus.

227 2588 279 2654 26.
304 2588 364 2654 Sed
387 2591 489 2654 omnis
511 2590 716 2672 inaequalitas
740 2591 916 2654 sententiae
938 2591 1095 2655 humanae
1112 2610 1210 2674 usque
1226 2592 1265 2655 ad
1281 2593 1330 2656 dei
1358 2619 1384 2657 so

182 2695 345 2759 terminos.
390 2694 423 2758 in
455 2698 579 2759 nostras
611 2695 674 2759 iarn
703 2695 803 2758 lineas
834 2695 967 2777 gradum
998 2696 1159 2778 colligam,
1191 2699 1226 2760 ut
1249 2696 1331 2777 quod

182 2799 376 2882 philosophis
407 2799 598 2881 medicisque
627 2800 787 2880 respondi,
818 2798 993 2864 Christiano
1019 2799 1158 2883 probem.
1205 2800 1242 2864 de
1266 2803 1330 2881 tuo,

182 2905 290 2983 frater,
314 2904 518 2967 fundamento
534 2903 629 2967 fidem
646 2902 783 2967 aedifica.
819 2906 922 2985 aspice
942 2903 1087 2966 uiuentes
1110 2907 1217 2967 uteros
1241 2923 1331 2968 sanc-

182 3005 380 3072 tissimarum
411 3007 599 3071 feminarum
630 3027 688 3070 nec
714 3007 807 3071 modo
831 3008 986 3090 spirantes
1009 3008 1072 3070 iarn
1095 3007 1159 3071 illic
1181 3008 1330 3088 infantes

182 3130 295 3176 uerum
319 3111 415 3175 etiam
438 3111 672 3193 prophetantes,
708 3130 778 3174 ecce
794 3112 915 3176 uiscera
929 3111 1090 3176 Rebeccae
1106 3111 1329 3192 inquietantur,
1358 3139 1382 3178 25

183 3219 215 3279 et
243 3217 336 3299 longe
367 3216 468 3279 adhuc
491 3218 598 3298 partus
623 3218 655 3278 et
677 3215 757 3278 aeris
781 3216 886 3278 nullus
910 3217 1074 3298 impulsus.
1122 3235 1193 3279 ecce
1217 3216 1330 3298 duplex

182 3322 268 3384 fetus
298 3321 331 3385 in
361 3321 437 3386 locis
468 3319 577 3383 matris
608 3319 835 3400 tumultuatur,
866 3323 897 3383 et
923 3338 1076 3401 nusquam
1100 3320 1201 3384 adhuc
1223 3321 1330 3403 populi

183 3427 254 3490 duo.
304 3429 484 3509 portentosa
517 3425 650 3491 forsitan
683 3423 857 3506 petulantia
890 3425 1039 3488 infantiae
1073 3428 1146 3489 ante
1180 3426 1329 3488 certantis

183 3548 278 3611 quarn
300 3530 449 3610 uiuentis,
473 3534 545 3594 ante
568 3530 729 3594 animosae
753 3547 848 3610 quam
872 3530 1039 3610 animatae,
1063 3531 1088 3592 si
1112 3530 1329 3593 tautummodo

289 3702 316 3770 7]
341 3701 473 3756 0111010.
493 3705 533 3767 16,
550 3705 567 3756 9
590 3705 615 3753 et
639 3705 663 3766 5,
683 3704 694 3755 1
715 3716 771 3768 sqq.
854 3700 898 3768 lo]
918 3700 951 3754 cf.
969 3699 1038 3753 Plat.
1055 3700 1118 3767 Leg.
1136 3699 1174 3753 VI
1186 3718 1211 3770 p.
1226 3704 1276 3757 775
1290 3717 1327 3768 sq.

182 3789 229 3857 25]
248 3789 282 3842 ol.
298 3788 364 3843 Gen.
378 3792 421 3857 25,
433 3791 467 3844 22
480 3805 518 3856 sq.

226 3948 368 4014 3putatat
386 3947 413 3999 A
431 3963 498 4000 corr.
553 3947 650 3998 bcurn
671 3944 1085 4010 oer:uteu1un,utumn
1140 3946 1328 4011 9conse1etur

186 4035 253 4089 Urs:
274 4031 495 4086 confereturAB
562 4033 592 4086 ll
616 4030 724 4083 uiciatio
743 4032 770 4084 A
843 4032 875 4084 12
896 4029 1016 4098 pristinis
1034 4031 1062 4082 A
1129 4031 1160 4083 15
1183 4032 1209 4082 te
1230 4047 1281 4086 oua.
1301 4031 1327 4084 A

183 4122 217 4174 16
232 4117 379 4172 cleantisB
424 4119 548 4173 etom.A
594 4119 626 4171 17
641 4116 777 4187 00111111οΑ
826 4119 858 4171 18
871 4113 1108 4184 digerebanthp
1158 4117 1328 4172 190101οΑ

183 4211 212 4260 at
225 4208 252 4261 A
265 4224 333 4263 corr.
387 4205 518 4272 quidquid
530 4206 603 4273 Bmp
656 4208 742 4257 status
760 4206 812 4259 Urs
865 4206 898 4258 22
911 4201 1040 4270 responde
1053 4204 1160 4257 Acorr¹
1209 4205 1242 4257 23
1256 4203 1327 4256 aedi-

182 4294 262 4347 ficem
274 4294 347 4362 Bmp
399 4294 433 4346 24
450 4291 613 4362 feminarum
626 4293 653 4345 A
706 4294 741 4346 29
760 4288 1326 4357 001100000011011101111110100(101εο011000

182 4396 267 4447 aequa
286 4379 401 4432 animate
419 4395 452 4434 ex
470 4379 572 4432 animos
591 4377 798 4445 aequanimitate
817 4378 852 4446 A,
872 4376 974 4430 animos
994 4392 1074 4444 aeque
1094 4376 1211 4429 animate
1230 4378 1257 4430 B
