3200 5034
543 438 579 491 II.
599 438 644 492 De
662 437 860 492 idololatria
880 440 989 493 11-12.
1294 437 1337 501 43
1365 508 1368 513 ,

190 615 308 678 uiuam.
339 615 403 678 iam
427 614 476 678 hie
499 615 583 678 enim
606 614 728 696 plenius
751 615 796 678 illi
819 613 970 696 abruptae
989 614 1189 696 propositioni
1210 630 1339 696 respon-

191 717 281 782 debo.
320 736 386 783 sero
413 718 531 783 dieitur.
571 721 643 783 ante
674 719 758 783 enim
785 718 844 783 fuit
872 717 1106 782 deliberandum
1135 737 1172 782 ex
1195 717 1339 781 similitu·

191 823 266 886 dine
291 823 557 906 prouidentissimi
584 823 719 887 aedificis
746 823 846 903 illius,
873 822 927 904 qui
952 822 1037 905 prius
1065 825 1209 905 sumptus
1237 822 1338 905 operis

190 945 264 990 oum
292 927 411 992 uiribus
439 928 503 992 suis
531 931 693 1010 supputat,
724 947 777 1008 ne,
806 926 860 991 ubi
889 927 1033 1010 cooperit,
1061 927 1202 992 defectus
1228 930 1340 1009 postea

191 1031 365 1096 erubeseat.
397 1032 451 1096 sed
467 1035 498 1096 et
512 1050 596 1097 1111119
615 1031 713 1097 habes
729 1032 812 1096 diota
827 1031 946 1096 domini
966 1034 998 1095 et
1013 1033 1154 1114 exempla
1169 1031 1339 1099 adimentia
1364 1047 1378 1088 ⁵

191 1135 249 1200 tibi
272 1154 398 1200 omnem
421 1137 644 1201 causationem.
680 1137 753 1218 quid
776 1135 862 1200 enim
884 1136 983 1200 diois?
1017 1135 1124 1219 egebo.
1156 1136 1211 1200 sed
1232 1136 1338 1202 fehoes

192 1259 307 1324 egenos
324 1240 466 1305 dominus
479 1242 625 1324 appellat.
649 1241 768 1305 uictum
784 1258 848 1305 nou
859 1239 995 1305 habebo:
1013 1240 1068 1304 sed
1084 1240 1211 1321 nolite,
1228 1240 1338 1323 inquit,

190 1346 358 1428 cogitare
382 1345 424 1409 de
446 1345 557 1409 uiotu.
591 1349 622 1410 91
642 1345 776 1409 uestitus
792 1344 946 1409 habemus
963 1346 1142 1426 exemplum
1161 1345 1235 1408 lilia.
1265 1343 1339 1409 sub·

191 1451 308 1514 stantia
322 1451 400 1514 mihi
416 1468 492 1532 opus
509 1453 589 1514 erat:
611 1450 718 1532 atquin
735 1449 843 1514 omnia
857 1449 1023 1514 uendenda
1039 1453 1114 1513 sunt
1128 1452 1159 1513 et
1175 1449 1338 1533 egentibus

190 1555 365 1619 diuidenda.
398 1555 453 1618 sed
475 1553 546 1618 filiis
570 1558 601 1618 et
623 1555 797 1637 posteritati
818 1554 1062 1637 prouidendum:
1086 1572 1193 1619 nemo
1213 1558 1337 1619 aratro
1366 1570 1391 1609 1⁰

190 1679 341 1724 manum
363 1660 559 1743 imponens
580 1662 615 1723 et
634 1662 734 1723 retro
752 1661 927 1742 spectans
943 1662 1053 1741 aptus
1069 1662 1126 1723 est
1141 1659 1251 1741 operi.
1284 1659 1338 1723 sed

190 1765 413 1830 condicionalis
430 1782 529 1828 eram:
554 1781 660 1828 nemo
684 1762 827 1827 duobus
851 1763 1012 1827 dominis
1036 1763 1180 1827 seruire
1202 1766 1337 1846 potest.

191 1869 218 1946 si
237 1869 285 1934 uis
309 1868 428 1933 domini
450 1869 621 1950 diseipulus
645 1887 724 1948 esse,
748 1886 873 1932 eruoem
895 1871 983 1932 tuam
1005 1868 1098 1932 tollas
1123 1871 1154 1932 et
1176 1867 1339 1933 domiuum

191 1973 333 2054 sequaris
353 1975 545 2037 neoesseest
565 1972 660 2036 idest
684 1973 846 2056 angustias
870 1975 902 2036 et
923 1972 1081 2036 oruoiatus
1104 1975 1174 2036 tuos
1197 1973 1248 2037 uel
1272 1989 1339 2036 eor·

189 2096 250 2159 pus
267 2077 379 2158 solum,
396 2077 478 2159 quod
492 2077 524 2140 in
540 2077 669 2141 modum
685 2077 784 2141 orueis
801 2080 858 2140 est.
889 2078 1046 2158 parentes,
1070 2077 1229 2160 ooniuges‚
1249 2077 1340 2141 liberi
1366 2090 1391 2132 1⁵

74 2185 169 2241 f.114
189 2185 317 2265 propter
340 2182 433 2246 deum
455 2179 677 2265 relinquendi!
698 2184 796 2245 erunt.
827 2181 866 2244 de
889 2179 1008 2244 artibus
1031 2183 1063 2244 et
1078 2181 1339 2264 negotiationibus

192 2290 223 2350 91
246 2286 284 2350 19
307 2286 551 2369 professionibus
576 2285 671 2350 etiam
692 2285 864 2349 liberorum
887 2287 919 2348 et
940 2288 1107 2367 parentum
1129 2302 1225 2348 eausa
1247 2285 1338 2349 dubi-

191 2393 263 2454 tas?
309 2391 370 2454 iam
393 2394 469 2455 tune
493 2390 741 2454 demonstratum
765 2392 814 2453 est
836 2388 926 2453 nobis
950 2392 981 2453 et
1003 2389 1133 2472 pignera
1156 2392 1187 2453 et
1210 2389 1340 2454 artificia

192 2499 224 2559 et
246 2495 371 2577 negotia
397 2497 523 2578 propter
550 2494 710 2559 domiuum
739 2493 993 2575 derelinquenda,
1020 2511 1094 2557 eum
1115 2493 1209 2558 Iaoob
1233 2497 1265 2558 et
1286 2494 1336 2558 Io-

192 2599 313 2663 hannes
329 2599 431 2662 uooati
447 2616 465 2662 a
481 2598 605 2662 domino
629 2601 660 2661 et
678 2601 800 2681 patrem
817 2615 994 2679 nauemque
1011 2598 1241 2680 derelinquunt,
1265 2617 1338 2663 oum
1364 2613 1392 2652 2⁰
1508 2590 1510 2593 ’

191 2703 372 2766 Matthaeus
400 2702 438 2766 de
465 2703 588 2766 teloneo
615 2702 798 2782 susoitatur‚
829 2720 902 2766 eum
929 2703 1024 2766 etiam
1055 2703 1186 2785 sepelire
1216 2706 1340 2785 patrem

191 2807 318 2871 tardum
353 2807 412 2870 luit
444 2805 526 2869 fidei.
570 2824 662 2870 nemo
694 2824 812 2886 eorum,
843 2813 923 2888 quos'
952 2807 1096 2871 dominus
1129 2807 1245 2890 allegit,
1276 2824 1339 2871 non

192 2911 304 2991 habeo,
328 2911 412 2991 dixit,
441 2928 502 2993 quo
526 2911 641 2974 uiuam.
688 2910 765 2974 fides
789 2911 906 2975 famem
933 2929 995 2975 non
1018 2911 1117 2975 timet.
1164 2911 1222 2975 soit
1245 2912 1339 2975 etiam

192 3015 311 3078 famem
342 3033 405 3078 non
439 3015 542 3078 minus
574 3013 633 3078 sibi
667 3015 930 3078 oontemnendam
963 3019 1088 3098 propter
1119 3016 1214 3079 deum
1244 3033 1339 3098 quam

193 3138 286 3184 omne
309 3120 418 3184 mortis
434 3138 543 3203 genus.
578 3119 685 3183 didioit
704 3136 766 3182 non
789 3120 943 3201 respicere
965 3120 1074 3200 uitam,
1098 3123 1215 3201 quanto
1238 3121 1339 3204 magis
1366 3135 1393 3174 2⁵

192 3225 333 3287 uiotum?
372 3224 616 3306 quotusquisque
638 3223 716 3287 haee
740 3223 948 3306 adimpleuit?
986 3224 1040 3287 sed
1063 3242 1141 3305 quae
1164 3243 1261 3307 penes
1283 3225 1340 3288 ho-

193 3328 296 3392 mines
320 3326 469 3408 diffieilia,
492 3347 588 3410 penes
612 3328 706 3391 deum
729 3328 842 3392 iaeilia.
878 3328 923 3391 sio
944 3330 1051 3392 tamen
1074 3326 1164 3391 nobis
1188 3329 1226 3391 de
1249 3347 1339 3393 man-

193 3432 358 3496 suetudine
382 3435 413 3496 et
428 3433 595 3496 elementia
618 3432 667 3495 dei
689 3431 900 3512 blandiamur,
923 3435 1036 3496 utnon
1059 3450 1158 3514 usque
1181 3432 1221 3496 ad
1243 3432 1340 3497 idolo-

192 3537 303 3600 latriae
327 3536 495 3600 affinitates
518 3536 757 3600 necessitatibus
779 3536 960 3620 largiamur,
985 3537 1039 3600 sed
1054 3555 1181 3600 omnem
1196 3535 1339 3601 afflatum

299 3707 327 3776 1]
347 3707 380 3760 ef.
399 3707 496 3761 uates.
516 3711 541 3771 5,
554 3710 577 3762 a.
632 3708 660 3776 9]
673 3707 709 3760 ro.
723 3710 747 3772 9,
760 3709 801 3762 29.
816 3710 856 3764 29.
904 3706 1167 3776 1191991922.
1218 3709 1262 3777 19]
1275 3708 1338 3762 uua.
1376 3768 1378 3771 ,

193 3797 218 3859 9,
232 3797 274 3850 92.
324 3794 368 3863 12]
387 3793 485 3848 naseu.
504 3797 528 3858 e,
541 3796 582 3849 24.
639 3794 683 3863 13]
703 3793 736 3847 ef.
756 3794 852 3848 Maean.
874 3796 914 3857 19,
927 3796 969 3849 24.

237 3950 313 4005 isui
326 3951 353 4004 A
396 3949 514 4004 defectus
527 3951 596 4004 roa:
615 3949 757 4004 defunctus
770 3951 826 4005 AB
870 3951 1157 4019 apaustaulaus
1207 3952 1236 4005 ll
1257 3951 1337 4019 operi.

195 4037 247 4090 Sed
265 4037 335 4106 Rip:
353 4036 438 4106 operis
457 4040 484 4091 et
502 4037 565 4102 AB,
585 4053 663 4105 opera
681 4039 708 4090 et
728 4037 778 4092 Get
839 4039 871 4091 13
889 4052 995 4090 oruoem
1013 4055 1064 4093 om.
1077 4037 1104 4090 A
1164 4039 1197 4092 15
1215 4036 1337 4106 modum]

195 4123 307 4178 domum
319 4125 377 4190 Get,
390 4122 508 4176 dominio
520 4125 577 4178 Iooa
621 4123 915 4193 orueisRo'q:ppsAB,
928 4123 1028 4178 Christi
1041 4124 1098 4192 ael,
1111 4125 1167 4178 Iooo
1213 4127 1338 4193 1111939-

195 4209 355 4264 tiationibus
373 4211 400 4264 A
467 4213 498 4264 17
518 4209 626 4263 dubitas
645 4211 774 4266 11918991
835 4213 867 4265 19
886 4209 941 4262 1119
958 4211 985 4263 A
1043 4209 1156 4263 Iacobus
1174 4212 1202 4265 Β
1259 4211 1338 4264 Ioan-

195 4313 241 4350 nes
260 4299 287 4352 B
334 4299 366 4352 21
381 4296 515 4350 mattheus
528 4299 556 4351 A
603 4296 766 4351 theloneoA
814 4298 849 4350 24
867 4296 1107 4366 contempnendam
1120 4298 1147 4351 A
1195 4300 1229 4352 26
1241 4300 1338 4366 quotu·

196 4385 306 4454 quisquo
326 4385 354 4438 A
372 4401 439 4440 corr.
492 4384 541 4437 hee
560 4385 587 4441 A
629 4417 631 4420 ·
