3200 5034
292 431 357 495 202
526 431 640 497 Quinti
659 432 797 501 Septimi
817 433 984 487 Florentia
1003 433 1204 488 Tertulliani

292 608 408 671 nitatis.
466 609 614 688 mentior,
647 610 673 673 si
701 628 763 673 non
786 629 803 673 e
827 610 980 673 contrario
1007 610 1160 675 idolorum
1190 611 1355 674 sollemnia
1382 612 1436 675 uel

292 731 405 775 aroana
427 713 464 776 de
488 716 639 797 suggestu
663 716 694 777 et
716 716 869 795 apparatu
893 714 990 795 deque
1014 718 1141 797 sumptu
1161 714 1255 778 fidem
1277 718 1307 779 et
1327 718 1434 779 aucto—

267 806 416 880 ritatem
440 817 498 879 sibi
521 820 676 881 extruunt.
720 836 776 900 pro
804 818 918 883 misera
945 818 1161 899 incredulitas
1189 838 1268 901 quae
1296 820 1432 903 denegas

292 921 348 985 deo
368 922 573 1004 proprietates
594 941 677 1002 suas,
702 923 935 1004 simplieitatem
956 926 988 987 et
1003 925 1206 1006 potestatem!
1245 924 1318 1005 quid
1337 928 1431 1007 ergo?

253 1052 264 1089 5
292 1042 394 1089 nonne
424 1026 602 1089 mirandum
630 1030 661 1090 et
682 1028 808 1091 lauacro
837 1028 913 1091 dilui
939 1030 1094 1092 mortem?
1140 1029 1248 1109 atquin
1272 1047 1306 1093 ao
1330 1029 1430 1111 magis

291 1130 495 1210 credendum,
535 1131 575 1209 si,
615 1132 688 1213 quia
722 1132 901 1195 mirandum
935 1135 997 1212 est,
1037 1131 1151 1197 idcirco
1185 1151 1247 1197 non
1286 1134 1429 1197 creditur.

291 1234 394 1315 qualia
417 1235 500 1298 enim
524 1235 614 1300 decet
637 1255 705 1299 esse
729 1255 823 1319 opera
846 1237 961 1316 diuina,
986 1237 1045 1301 nisi
1069 1256 1162 1320 super
1184 1257 1310 1303 omnem
1333 1238 1430 1303 adrni-

290 1339 464 1402 rationem?
510 1359 566 1404 nos
590 1358 713 1422 quoque
735 1342 795 1423 ipsi
818 1342 979 1421 miramur,
1004 1341 1059 1405 sed
1081 1343 1154 1424 quia
1177 1343 1342 1406 oredimus.
1380 1362 1430 1405 ca-

290 1446 392 1507 terum
422 1444 624 1509 incredulitas
654 1445 800 1525 miratur,
831 1464 894 1510 non
924 1447 1029 1511 credit.
1080 1448 1210 1511 miratur
1242 1447 1326 1511 enirn
1355 1449 1428 1511 sim-

240 1574 263 1611 ro
290 1548 383 1630 plicia
410 1550 499 1629 quasi
526 1567 621 1629 uana,
651 1549 820 1633 magnilica
846 1551 936 1632 quasi
961 1550 1176 1633 impossibilia.
1222 1555 1253 1615 et
1277 1553 1316 1615 sit
1338 1553 1427 1633 plane

290 1655 325 1716 ut
351 1657 458 1735 putaS,
487 1654 561 1717 satis
589 1655 627 1718 ad
654 1658 822 1736 utrumque
849 1655 955 1719 diuina
976 1656 1186 1738 pronuntiatio
1209 1658 1425 1739 praecucurrit.

290 1757 387 1821 stulta
415 1758 525 1821 mundi
555 1759 649 1842 elegit
680 1760 771 1839 deus,
804 1763 840 1823 ut
870 1759 1042 1824 confundat
1071 1760 1258 1843 sapientiam
1289 1762 1368 1841 eiua,
1398 1766 1428 1825 et

288 1861 503 1943 praedifficilia
525 1882 620 1946 penes
644 1863 787 1928 homines
812 1864 915 1928 facilia
936 1884 1032 1946 penes
1057 1866 1160 1929 deum.
1206 1884 1280 1929 nam
1304 1867 1331 1929 si
1353 1866 1427 1929 deus

289 1970 321 2029 et
342 1968 464 2049 sapiens
486 1971 517 2031 et
535 1971 657 2049 potens,
678 1969 760 2050 quod
776 1969 870 2032 etiarn
886 1973 1119 2051 praetereuntes
1137 1988 1209 2033 eum
1225 1989 1286 2033 non
1302 1975 1426 2053 negant,

238 2095 262 2133 rs
290 2072 400 2135 merito
430 2071 463 2134 in
495 2072 681 2135 aduersariis
713 2073 885 2154 sapientiae
912 2074 1131 2156 potentiaeque
1159 2074 1190 2138 id
1219 2078 1267 2137 est
1292 2075 1324 2137 in
1352 2075 1427 2138 stul·

185 2178 189 2187 '
289 2175 359 2239 titia
382 2178 413 2239 et
435 2175 674 2257 inpossibilitate
697 2178 846 2241 materias
870 2178 1057 2259 operationis
1081 2196 1156 2242 suae
1179 2179 1329 2252 instituit3
1353 2197 1427 2260 quo-

288 2280 375 2343 niam
393 2281 492 2344 uirtus
513 2280 614 2344 omnis
635 2301 671 2345 er
690 2282 739 2345 his
762 2300 890 2345 causam
913 2283 1035 2363 accipit,
1059 2301 1078 2346 a
1100 2282 1210 2364 quibus
1233 2287 1424 2364 prouocatur.

331 2383 360 2447 3.
385 2384 488 2448 Huius
515 2403 670 2449 memores
692 2386 954 2467 pronuntiationis
982 2390 1143 2469 tamquam
1166 2387 1425 2469 praescriptionis,

289 2489 490 2554 nihilominus
518 2507 612 2571 quarn
640 2492 773 2553 stultum
801 2494 832 2554 et
861 2490 1055 2574 impossibile
1078 2491 1128 2560 ,sit
1159 2509 1239 2572 aqua
1268 2491 1425 2555 reformari

236 2619 262 2658 so
288 2598 470 2658 tractamus.
515 2594 590 2676 quid
623 2594 730 2676 utique
762 2596 823 2659 ista
854 2596 987 2659 materia
1016 2598 1122 2659 tantae
1150 2595 1338 2679 dignationis
1364 2614 1426 2658 me·

287 2699 386 2763 ruerit
405 2698 564 2771 officium?
602 2702 637 2761 ut
657 2700 775 2781 opinor,
799 2701 968 2764 auctoritas
989 2700 1099 2782 liquidi
1116 2700 1263 2763 elementi
1279 2700 1426 2783 erigenda

289 2807 348 2866 est
396 2803 503 2885 atquin
533 2803 670 2885 plurima
699 2805 836 2886 suppetit
867 2808 897 2867 et
928 2805 1053 2886 quidem
1082 2823 1100 2869 a
1127 2804 1303 2887 primordio.
1354 2823 1425 2868 nam

288 2926 385 2971 unum
409 2926 444 2969 er
464 2908 513 2970 his
537 2911 585 2971 est
607 2927 686 2989 quae
710 2911 782 2971 ante
806 2926 931 2973 ornnem
955 2909 1064 2973 mundi
1084 2912 1268 2993 suggestum
1287 2909 1424 2991 impolita

288 3011 388 3075 adbuc
412 3013 512 3094 specie
535 3032 632 3095 penes
653 3013 746 3076 deum
766 3012 977 3095 quiescebant.
1016 3015 1052 3078 in
1074 3014 1292 3096 primordio,
1316 3013 1424 3094 inquit,

235 3142 261 3181 25
288 3116 380 3179 fecit
410 3116 499 3179 deus
531 3118 674 3180 caelum
705 3120 741 3180 et
769 3121 917 3181 terram.
974 3121 1074 3181 terra
1108 3121 1230 3181 autem
1264 3120 1344 3181 erat
1376 3118 1424 3181 in-

287 3220 457 3284 uisibilis
481 3224 517 3284 et
538 3222 787 3303 incomposita
810 3226 845 3285 et
864 3222 1042 3285 tenebrae
1066 3225 1171 3286 erant
1191 3241 1302 3305 super
1322 3222 1425 3304 abys-

288 3344 367 3389 sum
395 3329 430 3389 et
457 3327 614 3409 spiritus
643 3327 783 3391 domini
810 3346 922 3409 super
945 3345 1060 3408 aquas
1082 3326 1284 3391 ferebatur.
1330 3326 1424 3391 habes

287 3430 381 3495 homo
403 3431 545 3513 inprimis
569 3434 705 3495 aetatem
729 3432 872 3495 uenerari
895 3450 1061 3514 aquarum,
1089 3433 1170 3514 quod
1198 3431 1327 3513 antiqua
1354 3430 1425 3495 sub-

287 3536 414 3609 stantia3
439 3535 551 3599 dehinc
572 3536 795 3618 dignationem,
821 3536 902 3617 quod
922 3536 1019 3599 diuini
1040 3536 1167 3618 spiritus
1189 3536 1289 3615 sedes,
1312 3536 1425 3619 gratior

390 3751 435 3819 24]
454 3751 519 3837 oea.
535 3754 559 3816 ι,
573 3754 613 3807 12.

329 3955 345 4007 2
364 3951 447 4019 deque
468 3953 532 4006 Gal:
550 3951 582 4004 de
600 3967 652 4018 quo
671 3954 698 4006 B
759 3951 919 4006 deraditur.
939 3952 1033 4020 atquin
1052 3968 1081 4005 eo
1100 3952 1185 4020 magis
1205 3952 1366 4005 credendum
1385 3958 1425 4005 est

286 4039 374 4107 qualia
400 4039 442 4106 B‚·
464 4038 642 4106 atquin-est
664 4040 713 4092 del.
730 4039 779 4093 Gel
852 4042 884 4094 16
911 4038 1126 4107 impossibilitate
1152 4039 1215 4094 Gal:
1242 4039 1270 4092 in
1292 4038 1425 4108 possibili·

285 4128 379 4180 tateB
432 4128 464 4181 18
477 4125 716 4193 praenuntiationis
726 4127 798 4194 qu
849 4126 1065 4195 praescriptionis
1078 4129 1154 4196 Bmp,
1167 4126 1424 4195 Gal-scriptionisB

287 4216 319 4268 19
332 4229 410 4281 quam
425 4216 553 4281 nonsart.
608 4228 677 4280 aqua
692 4213 754 4267 Gal:
773 4229 853 4280 aqua
866 4215 894 4267 B
947 4216 981 4269 20
994 4218 1138 4267 tractemus
1151 4215 1207 4283 Rip
1259 4216 1349 4267 tantae
1365 4214 1425 4268 Gal:

286 4303 313 4353 et
331 4301 392 4352 ante
411 4302 446 4367 B,
465 4304 526 4353 ante
544 4302 616 4370 Bmp
687 4302 719 4354 21
740 4300 865 4353 elementi
886 4302 949 4355 Gel:
968 4301 1090 4355 alimenti
1108 4302 1135 4355 B
1206 4303 1238 4355 24
1258 4299 1425 4369 quiescebant

288 4388 351 4441 Gal:
369 4386 519 4457 quiescebat
538 4389 564 4441 B
617 4391 651 4444 25
670 4386 783 4441 nisibilis
805 4390 938 4444 Semleraa
992 4392 1024 4445 27
1045 4389 1088 4441 dei
1107 4390 1178 4443 Pom
