3200 5034
520 416 556 469 Il.
576 416 620 468 De
638 415 841 469 idololatria
860 418 970 470 10-11.
1273 415 1312 479 41

170 594 259 676 prius
284 593 385 675 sapiat
411 595 532 673 oportet
554 591 636 673 quod
657 591 743 673 prius
767 591 886 672 didicit,
913 591 943 654 id
971 596 1020 656 est
1046 590 1164 654 dedeo
1192 595 1222 653 et
1244 590 1315 654 fide.

170 697 303 780 proinde
329 697 383 760 illa
409 700 537 778 respuet
559 713 617 760 nec
643 696 772 777 recipiet
798 695 911 759 eterit
937 698 1003 758 tam
1025 698 1122 776 tutus,
1146 713 1241 777 quam
1264 695 1318 777 qui

172 803 277 866 sciens
305 819 461 866 uenenum
490 799 528 864 ab
557 801 665 884 ignaro
693 800 805 883 accipit
831 819 890 864 nec
915 799 1002 864 bibit.
1049 800 1121 864 huic
1147 800 1318 865 necessitas

171 907 214 971 ad
231 906 461 970 excusationem
478 905 655 987 deputatur,
679 905 752 986 quia
768 905 858 969 aliter
873 905 991 969 discere
1006 924 1070 969 non
1091 908 1202 987 potest.
1231 907 1318 969 tanto

172 1015 281 1076 autem
296 1011 415 1074 facilius
440 1014 488 1074 est
509 1009 628 1074 litteras
652 1026 714 1074 non
730 1009 841 1074 doecre
856 1026 952 1090 quam
972 1027 1034 1072 non
1050 1008 1179 1090 discere,
1203 1011 1318 1091 quanto
1358 1024 1371 1064 ⁵

172 1115 341 1197 etreliqua
364 1115 541 1179 scholarum
564 1113 602 1178 de
624 1113 758 1195 publicis
782 1131 818 1178 ac
832 1113 964 1196 propriis
988 1113 1249 1178 sollemnitatibus
1271 1113 1319 1177 in-

172 1221 377 1303 quinamenta
400 1219 520 1284 facilins
537 1218 707 1300 discipulus
730 1217 831 1283 fidelis
854 1236 917 1282 non
940 1217 1038 1282 adibit
1053 1236 1148 1300 quam
1171 1218 1320 1301 magister

172 1343 237 1390 non
259 1323 481 1406 frequentabit.

220 1428 269 1492 11.
286 1431 307 1512 †
320 1429 369 1492 De
378 1427 674 1512 generationibus-si
686 1429 789 1491 cetera
800 1426 983 1491 delictorum
994 1427 1213 1510 recogitemus,
1225 1427 1320 1508 inpri-

171 1534 234 1597 mis
250 1533 449 1616 cupiditatem
472 1532 609 1596 radicem
632 1532 774 1596 omnium
798 1532 963 1612 malorum,
986 1549 1048 1613 qua
1063 1531 1190 1613 quidam
1202 1530 1320 1595 inretiti
1347 1549 1373 1587 ιο

172 1640 257 1702 circa
283 1637 377 1702 fidem
404 1637 605 1720 naufragium
633 1639 707 1701 sunt
733 1637 829 1718 passi,
858 1655 929 1700 eum
957 1635 1005 1700 bis
1033 1638 1065 1699 et
1085 1635 1259 1700 idololatria
1281 1635 1320 1699 ab

172 1743 284 1806 eodem
307 1741 446 1824 apostolo
469 1741 552 1805 dieta
578 1741 619 1804 sit
641 1741 804 1822 cupiditas,
832 1743 901 1803 tum
924 1740 1123 1804 mendacium
1146 1739 1321 1821 cupiditatis

172 1847 352 1910 ministrum
383 1881 423 1890 -
454 1848 542 1910 taceo
578 1845 615 1907 de
649 1844 792 1927 periurio,
831 1844 953 1926 quando
989 1863 1029 1907 ne
1063 1844 1164 1908 iurare
1196 1843 1321 1925 quidem
1530 1874 1540 1903 ι

171 1951 266 2015 liceat
288 1986 330 1996 —
354 1949 520 2032 negotiatio
548 1966 639 2013 seruo
662 1948 711 2012 dei
734 1951 809 2031 epta
835 1952 904 2012 est?
949 1951 1087 2012 ceterum
1116 1949 1142 2012 si
1169 1948 1320 2031 cupiditas
1416 1933 1420 1938 ¹

173 2053 334 2134 abscedet,
358 2072 437 2135 quae
453 2056 501 2117 est
517 2071 612 2117 causa
628 2052 831 2135 adquirendi?
869 2056 1012 2117 cessante
1028 2071 1124 2117 eausa
1139 2053 1320 2135 adquirendi
1348 2069 1373 2108 1⁵

173 2177 238 2222 non
261 2159 319 2223 erit
341 2159 511 2222 necessitas
535 2157 721 2242 negotiandi.
759 2157 799 2221 sit
822 2175 905 2220 nunc
920 2157 1025 2239 aliqua
1039 2157 1157 2221 iustitia
1172 2161 1319 2240 quaestus

174 2281 285 2327 secura
308 2262 346 2326 de
368 2262 545 2344 cupiditatis
569 2265 600 2326 et
623 2262 774 2326 mendacii
795 2261 1022 2341 obseruatione,
1045 2262 1078 2326 in
1093 2263 1211 2326 crimen
1227 2262 1320 2326 offen·

174 2367 247 2432 dere
270 2367 461 2432 idololatriae
482 2384 551 2430 eam
575 2367 692 2448 opinor,
716 2383 795 2448 quae
820 2367 859 2430 ad
882 2366 983 2448 ipsam
1006 2366 1320 2450 idolorum-animam

175 2475 207 2535 et
230 2472 373 2554 spiritum
396 2472 541 2553 pertinet,
566 2489 644 2553 quae
668 2488 760 2535 omne
781 2471 980 2535 daemonium
998 2472 1130 2554 saginat.
1167 2489 1242 2536 sane
1258 2489 1319 2536 non

173 2577 228 2640 illa
243 2575 424 2658 principalis
439 2575 638 2640 idololatria?
661 2574 806 2655 uiderint,
823 2576 850 2639 si
865 2575 994 2639 eaedem
1010 2594 1140 2656 meroes,
1162 2579 1233 2640 tura
1253 2576 1319 2641 dico
1346 2592 1373 2631 ²0

175 2684 207 2744 et
222 2683 326 2744 cetera
340 2680 568 2762 peregrinitatis
593 2679 632 2743 ad
648 2678 834 2743 sacrificium
854 2679 1006 2743 idolorum
1028 2680 1122 2744 etiam
1141 2679 1319 2745 hominibus

175 2784 215 2849 ad
234 2785 396 2867 pigmenta
410 2784 615 2864 medicinalia,
639 2782 728 2847 nobis
745 2801 867 2866 quoque
883 2784 1010 2866 insuper
1032 2784 1072 2848 ad
1087 2785 1202 2849 solacia
1217 2785 1320 2868 sepul·
1417 2767 1420 2772 ’

174 2892 264 2952 turae
276 2888 347 2952 usui
359 2890 441 2952 sunt.
466 2891 548 2952 certe
560 2906 632 2952 cum
647 2905 790 2970 pompae,
807 2905 879 2951 cum
892 2888 1074 2968 sacerdotia,
1087 2906 1160 2952 oum
1171 2888 1321 2953 sacrificia

173 2993 327 3056 idolorum
344 2991 382 3056 de
396 2991 552 3074 periculis,
576 2991 613 3055 de
629 2991 763 3072 damnis,
780 2991 818 3055 de
833 2991 1050 3072 incommodis,
1074 2992 1112 3058 de
1128 2993 1321 3076 cogitationi-

175 3097 246 3176 bus,
271 3096 308 3160 de
332 3095 522 3160 discursibus
545 3094 846 3178 negotiationibusue
868 3095 1074 3176 instruuntur,
1103 3097 1176 3178 quid
1202 3097 1286 3161 aliud
1315 3095 1374 3182 tas

61 3211 153 3266 f.113
174 3219 273 3282 quam
287 3204 468 3283 procurator
485 3199 638 3264 idolorum
654 3200 902 3264 demonstraris?
927 3218 1019 3264 nemo
1040 3201 1208 3273 contendat
1228 3219 1320 3283 posse

174 3306 235 3369 hoc
251 3305 342 3368 modo
358 3303 503 3368 omnibus
526 3302 787 3386 negotiationibus
804 3304 1049 3368 controuersiam
1071 3303 1146 3367 fieri.
1178 3305 1322 3388 grauiora

174 3399 290 3473 delicta
312 3424 452 3490 quaeque
474 3426 530 3490 pro
546 3407 761 3490 magnitudine
783 3407 913 3489 periculi
936 3407 1129 3490 diligentm
1152 3409 1322 3474 extendunt

175 3513 413 3592 obseruationis,
437 3516 556 3577 utnon
579 3511 619 3576 ab
643 3512 690 3576 his
713 3515 839 3576 tantum
854 3510 1072 3592 abscedamus,
1097 3512 1152 3576 sed
1175 3517 1206 3576 et
1228 3512 1267 3577 ab
1283 3514 1320 3576 iis

174 3637 232 3701 per
259 3635 339 3698 quae
366 3615 454 3680 fiunt.
499 3617 573 3681 licet
595 3618 678 3680 enim
706 3615 744 3680 ab
774 3617 841 3680 aliis
869 3615 934 3696 fiat,
961 3634 1024 3681 non
1050 3616 1190 3696 interest,
1218 3618 1321 3699 siper
1348 3635 1374 3675 eo

223 3841 347 3910 lsapiat
369 3841 483 3909 oportet]
508 3840 579 3909 sapit
597 3841 662 3896 Scol
732 3839 903 3895 decolorem
919 3842 946 3895 A
1012 3857 1042 3894 ae
1060 3841 1124 3896 odd.
1143 3843 1201 3911 Ure,
1220 3845 1248 3895 et
1265 3843 1321 3896 Ian

88 3937 91 3941 '
176 3933 194 3985 9
212 3928 252 3982 De
271 3926 438 3996 grauioribus
456 3928 520 3994 Lot,
539 3927 579 3980 De
598 3926 822 3995 negotiationibus
841 3928 990 3995 Heroides,
1009 3928 1049 3981 De
1061 3928 1240 3997 negotiatione
1258 3945 1321 3982 uero

181 4016 241 4085 Urs,
255 4016 295 4068 De
306 4012 474 4082 generalibus
491 4012 638 4067 rationibus
650 4016 715 4082 sort.
758 4014 780 4066 si
793 4014 843 4068 del.
857 4014 923 4069 Soal
967 4016 998 4068 11
1018 4030 1101 4082 quum
1113 4014 1154 4068 bis
1166 4016 1322 4071 Herbidus:

173 4089 301 4170 'quamuis
319 4102 375 4156 AB
419 4097 544 4154 idolatria
561 4101 588 4154 A
637 4102 670 4154 14
688 4100 836 4168 negociatio
855 4102 882 4155 A
931 4103 963 4155 16
981 4116 1035 4154 non
1054 4101 1105 4155 erit
1122 4103 1158 4171 B,
1177 4103 1320 4157 noueritA

178 4191 211 4244 19
230 4189 303 4257 sane]
324 4203 357 4241 an
379 4188 428 4243 Gal
489 4189 522 4242 20
540 4185 692 4240 idololatria
709 4187 736 4240 A
799 4186 905 4240 eaedem
927 4187 990 4242 Gel:
1007 4186 1099 4240 eadem
1118 4189 1173 4243 AB
1234 4191 1266 4244 21
1286 4190 1321 4243 ad

176 4277 311 4331 addferre
363 4277 396 4331 22
415 4273 550 4344 sepulture
569 4274 596 4327 A
644 4275 676 4330 25
695 4271 907 4345 negationibtue
925 4276 952 4329 A
1000 4277 1032 4331 27
1052 4275 1321 4344 negociationibnsA
1428 4319 1434 4326 .

178 4364 211 4420 30
230 4363 281 4417 nisi
299 4364 356 4419 Iun
