3200 5034
291 382 352 445 104
518 381 633 448 Quinti
652 382 792 451 Septimi
810 382 978 435 Florentis
996 381 1198 435 Tertulliani

285 562 403 644 petrae,
429 561 461 623 et
487 558 633 623 fiuctibus
657 558 824 641 imputant,
852 559 907 623 scd
929 558 1093 641 procellae.
1138 558 1260 623 merito.
1307 562 1426 623 certum

287 664 371 728 enim
396 667 453 743 est,
474 661 479 748 Ι
499 664 715 749 quodcumque
738 662 783 744 fit,
808 665 846 747 ei,
860 663 1112 744 adscribendum,
1136 682 1198 731 non
1213 683 1268 746 per
1285 664 1366 745 qnod
1381 664 1425 744 fit,

288 766 343 831 scd
370 785 388 831 a
415 785 475 849 quo
503 767 548 847 fit,
579 768 653 850 qnia
680 768 708 831 is
733 771 781 832 est
807 769 812 852 Ι
840 770 934 851 caput
955 768 1033 831 facti
1056 770 1108 849 qui
1132 771 1164 832 et
1186 771 1221 831 ut
1242 767 1298 831 fiat
1321 770 1352 831 et
1373 787 1426 849 per

287 872 361 954 quid
384 871 439 935 fiat
461 871 600 936 instituit
623 870 668 954 (et
691 874 766 935 sunt
789 868 822 936 iir
845 871 992 936 omnibus
1014 872 1108 936 rebus
1136 871 1141 952 Ι
1169 874 1232 935 tres
1255 872 1338 936 tituli
1360 872 1425 935 isti:

237 1004 250 1043 s
287 977 369 1058 quod
393 980 450 1057 est,
472 995 528 1059 por
551 976 631 1058 quod
655 980 703 1040 est
725 979 757 1040 et
779 994 797 1041 a
821 993 881 1059 qno
906 975 978 1060 est),
1002 977 1076 1058 quia
1094 976 1180 1059 prius
1202 976 1319 1058 estqui
1335 973 1426 1060 quidl

287 1081 364 1145 uelit
385 1080 454 1144 fieri
477 1084 509 1145 ot
530 1100 587 1163 per
609 1081 692 1162 quod
713 1082 813 1163 possit
835 1080 980 1144 inueniri.
1037 1083 1069 1145 et
1091 1081 1135 1144 ita
1157 1082 1295 1145 rectem
1317 1080 1427 1144 ceteris

288 1186 379 1271 agitis
403 1185 571 1271 anetolrem
594 1186 837 1267 considerantes
867 1189 899 1250 at
925 1186 959 1250 in
985 1186 1122 1269 physicis
1149 1190 1258 1250 contra
1283 1188 1428 1249 naturam

287 1292 397 1375 regula
418 1294 535 1371 uestra,
566 1308 628 1372 qua
649 1291 682 1354 in
705 1287 841 1375 cctelpip
865 1291 1051 1372 sapientiam
1077 1291 1231 1371 iudicatis,
1263 1290 1428 1355 auferendo

289 1414 448 1459 summum
468 1395 601 1478 gradum
622 1396 767 1475 auctoris,
792 1397 824 1458 et
846 1413 926 1477 qnae
948 1393 1056 1480 fil,nn,t
1077 1413 1141 1459 non
1164 1414 1182 1459 a
1204 1413 1265 1477 quo
1288 1395 1356 1459 fieri
1378 1415 1426 1458 θθε.

237 1527 262 1565 ιθ
288 1500 333 1563 ita
359 1494 484 1564 credere
507 1499 662 1583 contingit
686 1500 913 1563 elementorum
935 1502 1106 1583 potestates
1131 1502 1162 1563 et
1184 1498 1339 1584 arl,bitr,ia
1361 1518 1428 1562 esse

288 1622 368 1686 queo
403 1606 477 1667 sunt
508 1604 677 1668 seruitutes
712 1609 743 1668 ot
776 1604 888 1668 officia.
934 1622 997 1668 non
1030 1604 1062 1667 in
1095 1604 1158 1667 ista
1190 1604 1428 1687 inuestigatione

290 1706 445 1793 alil,cuiu,s
462 1707 587 1772 artificis
603 1708 687 1772 intus
705 1711 736 1771 et
754 1708 872 1773 domini
888 1729 906 1769 s
924 1708 1091 1772 seruitutes
1108 1712 1214 1772 autem
1237 1708 1428 1772 ostendimus
1461 1746 1463 1751 ·
1564 1707 1565 1796 Ι

289 1813 516 1877 elementorum
544 1813 548 1893 Ι
574 1813 660 1898 ,ipsis
688 1832 734 1898 cx,
760 1813 862 1896 operis
894 1830 1001 1877 eorum
1028 1830 1105 1895 quas
1133 1812 1210 1876 facis
1237 1815 1429 1895 potestates?

290 1918 345 1981 sed
369 1918 418 1981 dei
439 1935 502 1981 non
526 1918 682 1992 seruiunt3
699 1935 744 1981 ea
762 1918 859 2000 igitur
879 1914 884 2001 Ι
903 1934 1003 2002 ,quae,
1025 1917 1167 1981 seruiunt
1189 1918 1240 1980 dei
1262 1936 1324 1981 non
1348 1920 1428 1981 sunt.

238 2048 263 2089 ιθ
291 2024 345 2086 aut
368 2022 499 2086 doceant
528 2022 624 2106 uulgo
654 2021 733 2102 fieri,
763 2025 799 2086 ut
829 2021 866 2085 de
896 2022 1023 2085 licentia
1052 2018 1264 2105 pessinitel,tis
1294 2021 1430 2106 libcptas

291 2125 488 2209 approbetur,
517 2126 555 2189 de
577 2126 723 2191 libertate
751 2125 933 2207 dominatio,
961 2126 999 2189 de
1030 2125 1240 2190 dominatione
1270 2123 1430 2210 dirumpas
1545 2097 1565 2141 Ἰ

290 2231 507 2315 intellegatur.
575 2248 649 2295 nam
673 2231 699 2294 si
722 2231 827 2294 omnia
849 2231 926 2294 haec
950 2248 1122 2313 supernos
1146 2230 1238 2294 certis
1261 2231 1431 2310 curriculis,

277 2335 438 2418 legitimis
469 2332 474 2419 Ι
503 2333 718 2421 ,decursibus
753 2335 885 2418 propriis
917 2335 1041 2417 spatiis,
1077 2335 1184 2416 aequis
1219 2335 1343 2398 uicibus
1374 2333 1430 2399 sub

291 2438 370 2521 legis
404 2438 505 2503 instar
538 2440 710 2504 constituta
744 2436 926 2524 noll,uendis
957 2439 1159 2523 temporibus
1190 2442 1222 2503 et
1257 2439 1432 2503 exercendis

238 2570 264 2609 co
291 2545 469 2625 temporum
492 2543 656 2607 ducatibus
681 2562 840 2625 occurrere
861 2543 1083 2623 meminerunt,
1104 2540 1108 2627 Ι
1127 2562 1214 2628 ,num
1229 2561 1292 2606 non
1308 2563 1345 2606 ex
1359 2543 1434 2628 ipsa

335 2769 352 2821 2
374 2767 550 2834 quodcunque
572 2766 605 2820 fit
625 2767 649 2819 ei
667 2768 753 2821 Hild:
778 2766 883 2834 quodcn
897 2808 1045 2820 ........
1064 2768 1099 2835 A,
1123 2767 1308 2835 quodcumque
1331 2770 1433 2837 praesto

292 2856 332 2906 est
352 2853 431 2921 Goth,
455 2852 630 2921 quodcunque
654 2856 702 2918 est,
726 2854 750 2906 ei
771 2855 837 2923 Rip,
861 2852 1037 2921 quodcunque
1061 2854 1097 2907 sit
1115 2854 1140 2907 ei
1157 2855 1215 2908 Bal
1297 2857 1313 2909 5
1331 2855 1434 2922 estqui

292 2941 357 3009 quid
375 2942 444 3011 Rip:
462 2958 517 2995 esse
536 2942 601 3009 quid
619 2942 684 3009 quid
702 2942 737 3011 A,
756 2958 813 3009 esse
832 2941 898 3009 quid
916 2941 987 3008 quod
1007 2942 1079 2997 Goth
1133 2944 1149 2997 6
1166 2959 1214 3011 per
1231 2943 1332 2997 addidi
1384 2958 1433 3009 quo

296 3030 429 3096 chicras,
448 3045 464 3081 a
482 3044 533 3096 quo
552 3030 696 3084 Hortetius
750 3032 766 3084 8
785 3028 952 3097 stragulam
970 3031 1086 3082 uestram
1104 3032 1168 3097 fori.
1223 3030 1356 3097 sapienter
1371 3034 1433 3099 fort.

292 3119 308 3170 9
327 3114 397 3168 fiunt
418 3116 488 3170 Goth
541 3114 599 3167 fieri
617 3117 653 3184 A,
671 3114 729 3168 ficri
748 3115 940 3168 considerando
956 3114 1089 3184 Oehlcruc,
1108 3115 1176 3169 fiant
1188 3116 1281 3169 eruitis
1293 3117 1435 3171 Hostilius

293 3201 1435 3271 lbarbitriaGotb:ar....iaA,ar......Gotb*,ar.....aBal*,ar...ria

292 3287 378 3344 Hild*
431 3287 520 3342 officia
539 3288 615 3341 nobis
633 3288 662 3341 in
681 3290 825 3345 Horicliae
887 3288 926 3358 in]
946 3288 1016 3341 enim
1038 3290 1110 3344 Goth
1168 3292 1200 3343 12
1219 3289 1331 3343 alicuius
1352 3290 1435 3347 Gotb:

293 3375 402 3429 ali...s
421 3376 456 3443 A,
475 3374 511 3427 ali
522 3416 596 3429 .....
607 3391 638 3427 us
659 3375 751 3444 dorm,
771 3375 846 3429 ali..
862 3375 921 3428 .ius
940 3375 1026 3430 Hild*
1080 3377 1207 3431 lamnam
1224 3378 1349 3446 sipacai:
1367 3376 1435 3430 arbi-

185 3482 187 3488 *
292 3462 376 3516 trium
395 3462 563 3529 agnoscimus
581 3463 624 3515 ael
641 3463 745 3517 similia
764 3463 947 3517 desideramus
1000 3462 1142 3515 seruitutes
1157 3464 1242 3518 Goth:
1259 3464 1397 3517 seruitutis
1408 3465 1434 3517 A

294 3548 395 3617 antem]
419 3547 500 3601 etiem
525 3549 604 3615 Goth,
628 3550 713 3602 artem
735 3547 861 3604 Oebleras
934 3551 966 3604 12
984 3548 1150 3601 ostendimus
1170 3549 1256 3605 Gotb:
1278 3566 1332 3604 non
1350 3550 1434 3604 tendi-

294 3652 354 3689 mns
367 3638 402 3706 A,
421 3634 607 3689 contendimus
619 3636 763 3691 Hoitciias
818 3638 850 3691 13
868 3635 933 3704 ipsis
952 3652 981 3688 er
999 3638 1111 3705 scripsi:
1130 3678 1237 3691 .....
1255 3639 1291 3707 A,
1310 3638 1390 3691 certis
1407 3654 1435 3690 cr

297 3724 368 3778 ecto
449 3724 593 3791 potestates
620 3723 703 3779 Goth:
724 3723 865 3791 potestatis
883 3724 911 3777 A
991 3724 1214 3792 interropatiocis
1235 3725 1346 3793 siparum
1367 3726 1435 3780 tollit

294 3811 437 3865 Hcoieiias
491 3825 557 3877 quae
573 3810 644 3871 Goth
698 3812 729 3864 15
746 3810 911 3878 passiuitatis
924 3808 1034 3863 libertas
1049 3810 1134 3866 Goth:
1151 3810 1280 3879 passinita
1294 3854 1397 3865 ......
1411 3828 1434 3863 r-

294 3900 335 3950 tes
357 3898 392 3965 A,
415 3895 543 3965 passiuite
561 3939 690 3950 ......
708 3899 778 3950 ortas
802 3896 880 3967 Bar,
903 3896 989 3951 Hild*
1060 3899 1093 3951 16
1116 3896 1149 3949 de
1166 3898 1314 3967 posterius]
1340 3899 1388 3952 *de
1408 3899 1434 3951 A

295 3983 423 4037 diuinitas
440 3982 613 4051 intellegatur
634 3984 719 4039 Gotb:
738 3983 824 4036 diuini
838 4026 964 4037 .......
978 3983 1084 4051 legatur
1102 3985 1137 4052 A,
1157 3984 1242 4037 diuini
1255 4027 1362 4039 ......
1377 3983 1434 4038 elle·

295 4074 374 4139 gatnr
400 4069 477 4139 Bar,
501 4071 586 4125 Hild*
659 4073 691 4126 18
719 4070 873 4124 decursibus
903 4071 975 4127 Goth
1046 4073 1078 4125 19
1105 4071 1245 4124 uoluendis
1272 4072 1434 4141 temporibus

298 4159 381 4213 Goth:
399 4157 444 4210 nol
458 4199 584 4211 ,,,,,,,
598 4156 750 4225 emporibus
768 4159 804 4226 A,
822 4156 867 4209 uol
881 4200 966 4212 .....
980 4174 992 4210 θ
1010 4156 1176 4226 temporibus
1191 4159 1276 4214 Goth*
1330 4162 1364 4215 20
1376 4176 1434 4212 con-

297 4260 401 4298 currere
419 4247 483 4314 fort.
546 4260 610 4297 num
629 4260 683 4299 non
701 4261 731 4297 ex
749 4244 807 4315 ipsa
827 4245 913 4301 Goth:
932 4286 1079 4299 ........
1092 4261 1141 4313 psa
1158 4246 1186 4299 A
1186 4287 1320 4313 .......
1334 4262 1364 4301 ex
1381 4246 1435 4316 ipsa

298 4331 383 4390 Goth*
