3200 5034
580 419 654 474 VIII.
673 420 718 473 De
736 420 900 489 pudicitia
919 423 959 476 13.
1051 395 1073 493 ι,
1096 424 1098 429 '
1279 424 1344 487 245

199 596 346 659 darentur
369 613 430 659 non
453 595 683 677 blasphemare,
707 596 787 660 sicut
808 596 972 662 Timotheo
996 615 1052 661 suo
1076 598 1195 663 scribit.
1235 597 1289 662 sed
1313 602 1344 662 et

198 700 265 780 ipse
289 700 397 763 datum
421 698 480 763 sibi
504 700 546 763 ait
570 700 690 781 sudem,
715 701 862 784 angelum
887 705 1025 781 satanae,
1050 720 1068 765 a
1090 680 1151 783 qino
1170 702 1343 785 eolaphiza-

200 807 295 883 retur,
319 823 358 867 ne
382 823 415 867 se
439 805 610 869 extolleret.
645 805 672 868 si
695 808 728 869 et
750 804 810 869 hoc
833 808 978 888 tangunt,
1002 808 1037 869 ut
1059 806 1190 871 traditos
1214 811 1342 871 satanae

200 907 240 971 ab
271 908 324 971 illo
354 908 386 971 in
417 908 683 988 emendationem,
715 926 778 972 non
810 908 843 973 in
874 909 1081 992 perditionem
1110 910 1341 994 intellegamus

199 1013 273 1093 quid
304 1010 405 1076 simile
434 1012 632 1095 blasphemia
659 1016 690 1076 et
712 1012 869 1076 incestum
892 1016 924 1077 et
946 1014 1052 1078 anima
1075 1014 1113 1077 ab
1137 1014 1186 1078 his
1209 1014 1341 1097 integra,
1381 1042 1394 1079 1

198 1117 296 1180 immo
320 1133 381 1180 non
405 1116 530 1180 aliunde
553 1135 648 1198 quam
672 1135 708 1179 ex
735 1135 861 1181 summa
887 1119 1056 1206 sanctitate
1075 1120 1107 1181 et
1130 1136 1166 1182 en
1188 1120 1273 1182 omni
1295 1119 1343 1183 in-

198 1221 345 1285 nocentia
367 1221 459 1302 elata,
483 1239 563 1303 qnae
586 1222 619 1286 in
642 1222 783 1304 apostolo
799 1221 948 1303 colaphis,
973 1222 999 1287 si
1013 1222 1105 1303 forte,
1130 1222 1341 1303 cohibebatur,

197 1345 254 1409 per
281 1325 434 1406 dolorem,
464 1328 501 1389 ut
523 1326 625 1407 aiunt,
656 1326 813 1389 amiculae
837 1327 887 1390 nel
911 1326 1044 1409 eapitis?
1089 1327 1245 1391 incestum
1268 1346 1341 1393 uero

197 1432 292 1511 atque
321 1429 519 1513 blasphemia
540 1434 621 1495 totos
643 1430 785 1493 homines
809 1430 842 1494 in
864 1430 1097 1514 possessionem
1119 1431 1179 1514 ipsi
1203 1434 1341 1513 satanae,

200 1552 262 1598 non
290 1535 401 1617 angelo
425 1535 491 1598 eius
516 1534 681 1597 tradidisse
703 1538 896 1599 meruerunt,
943 1538 975 1599 et
998 1535 1035 1599 de
1058 1536 1116 1599 hoe
1140 1536 1222 1599 enim
1246 1536 1341 1601 inter·
1369 1562 1393 1599 ιο

198 1642 260 1718 est,
291 1638 388 1701 immo
417 1640 448 1701 et
470 1638 509 1701 ad
532 1637 591 1701 hoc
612 1637 785 1721 plurimum
808 1638 917 1717 refert,
949 1640 1032 1720 quod
1054 1639 1123 1703 illos
1146 1640 1277 1703 traditos
1301 1640 1339 1705 ab

197 1742 337 1825 apostolo
367 1742 502 1825 legimus
533 1744 676 1821 satanae,
708 1743 847 1823 apostolo
878 1760 952 1806 uero
983 1743 1131 1827 angelum
1158 1744 1267 1808 datum
1292 1763 1341 1807 sa-

195 1850 297 1910 tanae.
332 1849 492 1929 postremo
514 1864 586 1909 cum
609 1846 792 1927 deprecatur
812 1846 974 1910 dominum
990 1846 1118 1927 Paulus,
1143 1847 1216 1929 quid
1231 1848 1340 1912 audit?

196 1951 292 2015 satis
323 1950 417 2014 habe
440 1950 600 2033 gratiam
623 1968 756 2030 meam,
786 1951 909 2014 uirtus
934 1951 1030 2015 enim
1053 1951 1090 2015 in
1113 1951 1340 2015 infirmitate

195 2055 407 2139 perficitur.
453 2054 512 2118 hoc
542 2055 595 2136 qui
625 2058 754 2118 satanae
786 2054 940 2118 deduntur
972 2054 1077 2119 audire
1109 2073 1171 2119 non
1197 2059 1338 2137 possunt.
1368 2081 1392 2121 15

194 2160 371 2242 Hymenaei
394 2162 500 2223 autem
523 2162 555 2221 et
570 2157 741 2223 Alexandri
763 2158 881 2223 crimen
902 2160 928 2222 si
952 2162 983 2222 et
1005 2159 1038 2223 in
1059 2159 1120 2223 isto
1140 2160 1219 2223 etin
1234 2160 1339 2224 futuro

195 2281 273 2327 aeuo
303 2262 525 2327 inremissibile
558 2266 619 2343 est,
649 2261 847 2344 blasphemia
877 2262 1008 2342 scilieet,
1043 2264 1153 2344 utique
1181 2265 1338 2346 apostolus

195 2386 259 2431 non
281 2368 432 2431 aduersus
455 2366 627 2440 terminum
650 2366 769 2431 domini
785 2366 843 2430 sub
861 2385 915 2450 spe
932 2367 1041 2430 ueniae
1058 2366 1195 2431 dedisset
1210 2371 1339 2433 satanae

194 2473 260 2536 iam
283 2490 302 2535 a
324 2472 384 2535 fide
413 2472 446 2534 in
476 2470 706 2553 blasphemiam
736 2489 866 2540 mersos.
913 2471 995 2535 unde
1026 2473 1057 2534 et
1087 2471 1254 2554 naufragos
1285 2489 1365 2535 eos-

193 2578 281 2640 iuxta
303 2576 397 2639 fidem
419 2575 643 2659 pronuntiauit,
667 2593 729 2639 non
751 2574 905 2639 habentes
927 2576 990 2639 iam
1015 2576 1166 2640 solacium
1181 2576 1271 2639 nauis
1288 2596 1338 2641 ec·
1365 2603 1390 2641 20

194 2681 318 2744 clesiae.
358 2680 423 2743 illis
446 2680 529 2743 enim
552 2679 645 2744 uenia
667 2682 811 2763 negatur,
836 2679 889 2760 qui
912 2679 1032 2743 deiide
1055 2680 1087 2742 iu
1109 2679 1337 2762 blasphemiam

194 2786 403 2867 impegerunt.
437 2787 577 2848 ceterum
600 2783 717 2847 ethnici
741 2785 773 2846 et
794 2783 943 2847 haeretici
963 2783 1074 2847 cotidie
1091 2804 1126 2847 er
1142 2783 1338 2867 blasphemia

194 2892 368 2973 emergunt.
409 2888 464 2952 sed
487 2890 520 2951 et
542 2887 569 2951 si
591 2887 683 2951 dixit:
707 2887 847 2952 tradidi
870 2904 932 2951 eos
956 2890 1126 2969 satanae,
1149 2888 1205 2952 uti
1228 2888 1337 2953 disei-

193 2994 337 3075 plinam
368 2992 583 3084 acciperent
612 3009 684 3055 non
714 2990 1017 3074 blasphemandi,
1049 2992 1087 3055 de
1117 2992 1228 3055 ueteris
1251 2992 1336 3072 dixit,

194 3098 249 3180 qui
278 3097 339 3161 illis
365 3096 487 3160 traditis
518 3099 652 3159 satanae
675 3095 707 3158 id
731 3098 779 3159 est
802 3098 889 3159 entra
912 3094 1076 3159 ecelesiam
1099 3095 1243 3178 proiectis
1268 3115 1337 3159 eru·
1363 3123 1388 3162 11

193 3202 254 3265 diri
275 3201 428 3265 haberent
450 3200 733 3283 blasphemandum
757 3217 820 3263 non
844 3218 921 3263 esse.
958 3200 1001 3263 sie
1024 3199 1119 3282 igitur
1135 3203 1166 3263 et
1181 3200 1336 3264 incestum

195 3307 415 3370 fornicatorem
445 3322 507 3369 non
537 3305 570 3368 in
600 3302 866 3383 emendationem,
897 3302 952 3367 sed
981 3303 1013 3367 in
1043 3303 1249 3385 perditionem
1273 3306 1336 3367 tra-

194 3411 275 3474 didit
294 3412 434 3489 satanae,
458 3409 497 3472 ad
517 3427 609 3490 quern
632 3408 696 3471 iam
718 3427 812 3490 super
828 3407 989 3471 ethnicum
1004 3407 1211 3489 delinquendo
1233 3410 1336 3471 trans·

193 3516 283 3595 ierat,
313 3517 349 3577 ut
379 3514 534 3577 discerent
555 3512 771 3577 fornicandum
794 3529 857 3576 non
882 3530 960 3575 esse.
1006 3512 1139 3594 denique
1162 3512 1199 3575 in
1222 3511 1336 3575 inter-

299 3729 326 3797 l]
350 3727 383 3783 cf.
407 3730 423 3783 2
447 3727 506 3783 Cor.
524 3730 564 3791 12,
582 3729 607 3781 7.
696 3726 740 3794 14]
764 3730 781 3781 2
804 3724 862 3781 Cor.
883 3728 924 3789 12,
943 3728 967 3781 9.
1057 3726 1102 3794 23]
1127 3728 1140 3780 1
1165 3724 1232 3779 Tim.
1252 3727 1275 3789 1,
1292 3727 1334 3780 20.

195 3816 241 3885 29]
262 3819 275 3872 1
295 3815 353 3871 Cor.
367 3819 392 3880 5,
405 3819 429 3870 5.

238 4015 409 4071 3611111161
429 4016 491 4070 Get:
509 4013 678 4067 extolleretur
695 4015 723 4068 Β
793 4016 810 4068 5
829 4012 894 4081 quid
914 4013 977 4067 Gal:
1001 4011 1072 4079 quod
1094 4014 1122 4067 Β
1192 4012 1283 4065 anima
1301 4012 1333 4064 ab

192 4104 236 4157 his
254 4103 359 4171 integra
378 4103 443 4157 Gal.-
464 4101 547 4154 animi
569 4100 602 4154 ab
625 4100 668 4153 his
690 4099 789 4167 integri
808 4101 836 4153 Β
906 4102 994 4153 6non
1013 4100 1076 4153 add.
1098 4100 1148 4154 cer
1218 4098 1333 4161 761111,

193 4207 261 4259 quae
290 4192 351 4246 Gal:
378 4190 501 4257 elatoque
528 4190 555 4243 B
626 4190 657 4243 11
682 4185 764 4240 refert
789 4187 853 4241 Get:
879 4185 976 4239 referet
998 4188 1025 4241 Β
1097 4188 1129 4241 16
1156 4185 1279 4253 hymenei
1306 4186 1333 4239 Β

195 4280 228 4333 19
246 4293 346 4330 mersos
360 4277 424 4331 Gal:
442 4276 585 4329 mersusB
637 4277 670 4330 21
689 4273 883 4342 blasphemiam
899 4274 962 4329 Gal:
980 4271 1144 4341 blasphemia
1157 4274 1184 4327 Β
1237 4272 1333 4328 231111

193 4366 276 4433 welpo
328 4367 363 4420 28
383 4362 503 4417 ethnicos
521 4363 593 4417 Pam
