3200 5034
316 455 380 520 370
544 455 660 522 Quinti
678 455 817 526 Septimi
835 455 1002 510 Florentia
1020 455 1222 509 Tertulliani

358 630 411 696 43.
438 632 486 696 De
521 650 630 698 somno
654 629 660 718 Ι
682 632 769 715 prius
799 633 1008 715 disputemus,
1042 634 1128 714 post,
1159 633 1294 695 mortem
1324 629 1452 711 qualiter
1462 634 1537 690 fita

316 737 422 801 anima
444 737 595 801 decurrat.
630 754 692 800 non
715 737 824 819 utique
848 737 1078 801 extranaturale
1102 737 1150 800 est
1173 752 1312 815 somnus,
1336 736 1372 797 ut
1391 733 1454 815 qui-

315 840 449 906 busdam
478 840 670 924 philosophis
700 842 813 923 placet,
844 859 915 906 cum
947 859 983 906 ex
1013 840 1061 904 his
1086 857 1158 903 eum
1181 839 1334 922 deputant
1356 837 1454 902 causis

316 964 396 1028 quae
425 948 548 1027 praeter
577 949 723 1010 naturam
752 945 864 1010 haberi
886 945 1040 1010 uidentur.
1087 943 1182 1010 Stoici
1204 961 1351 1008 somnum
1374 960 1455 1006 reso-

276 1051 467 1115 slutionem
498 1050 651 1115 sensualis
681 1050 798 1134 uigoris
829 1049 1002 1130 affirment,
1036 1048 1180 1132 Epicurei
1212 1047 1453 1112 deminutionem

316 1155 444 1239 spiritus
475 1155 630 1236 animalis,
652 1151 856 1238 Anaxagoras
888 1173 960 1218 cum
982 1152 1175 1235 Xenophane
1198 1151 1455 1230 defetiscentiam,

315 1259 520 1343 Empedocles
533 1261 564 1323 et
575 1257 779 1324 Parmenides
795 1258 1075 1342 refrigerationem,
1092 1254 1195 1320 Strato
1208 1257 1456 1340 segregationem

316 1363 438 1428 consati
467 1363 604 1446 spiritus,
634 1362 832 1428 Democritus
862 1362 1069 1446 indigentiam
1100 1361 1241 1444 spiritus,
1271 1359 1455 1424 Aristoteles

316 1485 490 1533 marcorem
516 1466 777 1532 circumcordialis
800 1467 922 1532 caloris.
969 1481 1026 1550 ego
1052 1482 1103 1530 me
1126 1481 1300 1546 numquam
1322 1465 1368 1528 ita
1389 1464 1456 1527 dor-

264 1598 291 1638 ιο
317 1572 413 1637 misse
435 1589 601 1655 praesumo
624 1574 661 1636 ut
683 1590 719 1636 er
742 1571 791 1635 his
815 1571 930 1653 aliquid
954 1587 1131 1654 agnoscam.
1167 1587 1268 1651 neque
1291 1569 1377 1634 enim
1393 1586 1457 1632 ore-

316 1677 452 1740 deudum
483 1679 530 1740 est
559 1676 809 1740 defetiscentiam
839 1694 908 1740 esse
939 1692 1099 1755 somnum,
1134 1673 1326 1738 centrarium
1355 1673 1456 1756 potius

316 1780 561 1861 defetiscentiae,
584 1798 678 1862 quarn
699 1780 819 1844 scilicet
834 1779 926 1860 tollit,
950 1778 1105 1861 siquidem
1120 1777 1214 1842 homo
1230 1795 1339 1842 somno
1356 1777 1457 1860 magis

315 1884 453 1949 reficitur
475 1901 570 1967 quam
591 1884 750 1968 fatigatur.
785 1901 876 1968 porro
899 1901 957 1948 uec
980 1901 1105 1966 semper
1128 1901 1164 1948 er
1186 1882 1370 1966 fatigatione
1385 1899 1458 1946 cou-

316 1988 429 2072 oipitur
459 2004 599 2069 somnus,
629 1990 661 2052 et
690 1990 797 2052 tamen
828 2005 900 2051 cum
927 2005 964 2052 en
986 1987 1042 2052 illa
1064 1990 1121 2068 est,
1150 1986 1290 2051 idaiam
1313 2004 1377 2050 uon
1399 1988 1457 2050 est.

263 2119 289 2159 ιε,
316 2093 371 2157 sed
401 2110 459 2156 nec
487 2092 753 2176 refrigescentiam
783 2091 948 2156 admittam
975 2095 1029 2155 aut
1051 2108 1224 2156 marcorem
1247 2091 1384 2173 aliquem
1406 2108 1458 2154 oa-

315 2197 401 2278 loris,
424 2215 496 2261 oum
518 2197 595 2261 adeo
618 2214 747 2279 corpora
769 2214 879 2261 somno
902 2197 1128 2276 concalescant,
1153 2199 1185 2260 et
1207 2195 1396 2278 dispensatio
1417 2196 1460 2259 oi-

315 2301 428 2366 borum
450 2320 505 2384 per
528 2319 674 2366 somnum
698 2319 760 2366 non
782 2300 875 2365 facile
897 2301 1078 2383 procederet
1100 2301 1202 2364 calore
1225 2299 1411 2383 properabili
1428 2301 1460 2362 et

315 2406 417 2490 rigore
439 2405 595 2486 tardabili,
619 2406 645 2470 si
668 2422 777 2470 somno
799 2405 1065 2488 refrigeraremur.
1099 2406 1170 2487 plus
1195 2407 1243 2469 est
1265 2403 1458 2486 quodetiam

316 2511 409 2575 sudor
432 2509 615 2592 digestionis
638 2509 811 2574 aestuantis
835 2512 883 2574 est
904 2509 1004 2573 inder.
1040 2509 1174 2590 denique
1197 2526 1388 2590 concoquere
1411 2507 1459 2571 di·

261 2639 288 2681 ro
314 2615 423 2695 oimur,
454 2614 536 2695 quod
562 2613 684 2695 caloris,
714 2631 777 2678 uon
799 2613 923 2698 frigoris
947 2613 1083 2696 operatio
1107 2615 1164 2676 est.
1210 2611 1336 2696 perinde
1360 2613 1459 2675 demi-

314 2719 476 2782 nutionem
498 2717 643 2782 animalis
667 2717 795 2800 spiritus
819 2720 873 2781 aut
895 2717 1099 2800 indigentiam
1123 2717 1250 2798 spiritus
1275 2719 1329 2780 aut
1351 2734 1459 2799 segre·

314 2823 474 2906 gationem
496 2823 617 2886 consati
640 2823 767 2904 spiritus
790 2822 1012 2886 immortalitas
1036 2821 1160 2885 animae
1183 2838 1244 2886 non
1269 2821 1343 2885 sinit
1362 2821 1456 2885 oredi.

314 2927 395 3009 perit
416 2927 532 3006 anima,
561 2925 588 2989 si
611 2925 792 2990 minoratur.
839 2929 992 3008 superest,
1016 2925 1043 2989 si
1065 2925 1156 3006 forte,
1180 2943 1252 2989 curn
1275 2923 1385 2990 Stoicis
1405 2945 1458 2988 re-

315 3030 503 3094 solutionem
527 3029 681 3094 sensualis
703 3030 819 3114 uigoris
843 3048 990 3095 somnum
1013 3029 1267 3109 determinemus,
1295 3029 1367 3111 quia
1389 3047 1458 3092 ocr-

262 3159 288 3199 25
314 3133 398 3216 poris
426 3134 521 3198 solius
545 3134 685 3215 quietem
706 3113 861 3218 procuret,
892 3152 954 3199 non
978 3137 1009 3198 et
1031 3134 1163 3198 animae.
1210 3133 1349 3198 animam
1372 3133 1457 3198 enim

314 3241 350 3302 ut
379 3256 503 3320 semper
533 3237 683 3303 mobilem
710 3241 742 3302 et
764 3257 888 3321 semper
911 3239 1077 3304 exercitam
1103 3256 1275 3320 numquam
1299 3237 1456 3302 succidere

314 3341 422 3424 quieti,
454 3341 574 3406 adanae
605 3343 721 3406 scilicet
744 3360 763 3406 a
785 3345 869 3407 statu
899 3342 1159 3418 immortalitatis3
1189 3341 1268 3407 nihil
1291 3343 1374 3405 enim
1395 3342 1456 3404 im-

315 3446 447 3510 mortale
478 3444 574 3508 finem
604 3447 705 3527 operis
737 3446 785 3510 sui
816 3446 970 3527 admitt't,
1005 3464 1133 3510 somnus
1168 3449 1274 3510 autem
1305 3445 1375 3510 finis
1404 3448 1456 3509 est

315 3549 425 3632 operis.
472 3549 605 3631 denique
628 3550 757 3632 corpori,
782 3550 832 3614 oui
855 3551 1029 3615 mortalitas
1053 3551 1210 3633 competit,
1235 3551 1263 3614 ei
1285 3550 1343 3615 soli
1366 3549 1454 3631 quies

359 3767 372 3819 1
392 3763 440 3818 ΒΕ
459 3763 587 3819 SOMNO.
605 3765 685 3818 Prius
697 3765 761 3832 AB,
779 3765 828 3818 DE
846 3765 968 3821 SOMNO
986 3765 1216 3820 PERTINENTE
1235 3765 1285 3820 AD
1301 3764 1453 3820 TRACTA-

314 3850 391 3904 TVM
402 3849 544 3904 MORTIS.
564 3851 603 3905 De
622 3867 714 3906 somno
733 3851 807 3921 prius
822 3853 872 3907 Get
925 3853 1100 3922 disputemA
1150 3854 1314 3922 lpretcrA
1364 3853 1452 3921 5epi-

315 3937 428 4008 curin
480 3939 570 3992 deum
583 3939 683 3992 cumA
738 3938 856 3993 istrata
875 3940 1085 4007 segregationem
1103 3957 1154 3996 om.
1167 3940 1196 3994 A
1242 3939 1453 4008 8indigeutiam

315 4023 522 4093 spiritusom.A
571 4026 604 4080 12
616 4024 639 4078 si
651 4023 752 4092 quidA
800 4027 833 4082 15
845 4025 1139 4094 refrigeresceutiamA
1192 4026 1324 4082 colorisA
1377 4028 1408 4081 lc
1425 4030 1453 4079 et

317 4135 380 4191 Gal:
397 4138 428 4189 ut
439 4137 495 4191 AB
542 4138 575 4190 17
587 4137 615 4190 ct
631 4136 718 4205 rigore
736 4136 861 4190 tardabili
874 4155 926 4193 om.
939 4139 966 4192 A
1021 4141 1054 4195 18
1072 4138 1247 4207 quodom.A
1301 4105 1453 4207 lllnquoque

315 4221 464 4277 recedimus
481 4224 509 4276 A
576 4224 610 4278 20
628 4222 738 4292 perinde
756 4224 791 4292 A,
809 4224 921 4293 proinde
938 4226 966 4279 B
1037 4224 1241 4279 diminutionem
1260 4226 1287 4280 A
1351 4228 1384 4280 22
1401 4226 1452 4278 im-

315 4309 435 4362 mortalis
453 4309 543 4362 anima
559 4309 588 4363 B
639 4311 674 4364 23
692 4313 784 4379 supest
800 4312 842 4364 est
859 4313 886 4365 A
939 4315 970 4365 ut
988 4327 1049 4366 com
1067 4315 1131 4382 fort.
1185 4314 1219 4366 26
1238 4312 1371 4366 succidere
1384 4313 1453 4366 Lot:

316 4395 455 4448 succedere
472 4397 529 4450 AB
