3200 5034
560 371 605 468 ¹11.
625 415 669 468 ne
688 414 884 469 idololatria
902 420 979 472 e-e.
1276 387 1280 392 ⁴
1299 418 1339 480 37

202 591 377 677 sqtrpxeris
405 591 431 654 si
456 589 612 654 bratteam
640 591 829 673 expresseris
852 595 907 655 ant
932 592 1070 676 insignia
1097 595 1152 656 aut
1175 593 1271 656 etiam
1294 593 1347 657 do·
1444 587 1447 596 ’

200 715 309 781 ιηιιιιῐι1
323 695 535 759 fabricaueris.
568 696 666 759 maior
683 698 731 759 est
747 696 900 760 eiusmodi
915 714 1019 779 opera,
1036 715 1116 779 quae
1131 715 1194 761 non
1210 697 1348 780 effigiem

202 801 333 882 confert,
357 801 411 864 sed
434 800 662 864 auctoritatem.
703 800 729 863 si
752 801 798 864 ita
820 801 993 864 necessitas
1017 799 1216 865 exhibitionis
1240 805 1348 866 exten-

202 906 296 986 ditur,
319 905 437 969 habent
450 907 483 968 et
498 904 575 967 alias
592 904 811 986 species,quac
828 905 894 967 sine
910 904 1136 978 exorbitatione
1148 888 1348 991 disciplinae

201 1009 235 1072 id
258 1009 395 1073 estsine
418 995 493 1072 idoli
516 1007 686 1072 confictura
709 1026 800 1091 opem
828 1009 931 1073 uictus
959 1012 1130 1091 praestent.
1177 1011 1238 1074 scit
1260 1010 1347 1074 alba·
1387 1027 1399 1066 ο

201 1114 266 1178 rius
294 1115 392 1177 tector
420 1115 452 1176 et
478 1115 561 1176 tecta
588 1111 702 1175 sarcire
730 1115 761 1175 et
787 1113 925 1177 tectoria·
944 1113 1089 1177 inducere
1120 1117 1152 1177 et
1178 1114 1348 1178 cisternam

96 1219 277 1284 anoliam
305 1220 336 1281 et
358 1217 494 1300 cymatia
516 1217 692 1280 distendere
720 1220 751 1280 et
774 1217 875 1280 multa
901 1217 963 1281 alia
985 1221 1172 1281 ornamenta
1195 1215 1199 1302 1
1224 1221 1348 1300 practer

202 1323 372 1386 simulacra
392 1320 565 1404 parietibus
588 1321 766 1402 incrispare.
810 1322 871 1385 soit
894 1324 926 1384 et
948 1321 1047 1403 pictor
1071 1324 1103 1385 et
1126 1322 1347 1401 marmorarius

202 1430 233 1491 et
261 1426 398 1490 aerarius
430 1428 461 1489 ct
488 1425 674 1507 quicumque
703 1425 840 1489 caelator
866 1425 1048 1489 latitudines
1077 1444 1150 1490 suas
1181 1430 1213 1490 et
1240 1427 1347 1508 utique

202 1532 303 1597 multo
330 1531 494 1594 faciliores.
541 1547 615 1593 nam
642 1531 695 1611 qui
725 1529 852 1614 signum
882 1528 1043 1609 describit,
1077 1533 1194 1611 quanto
1224 1530 1347 1594 facilius
1376 1547 1401 1586 10

68 1672 85 1708 ·,
202 1636 336 1701 abacum
358 1635 451 1699 linit?
486 1635 540 1717 qni
563 1635 600 1697 de
623 1634 690 1698 tilia
713 1634 852 1698 Martem
875 1634 1019 1716 exculpit,
1043 1637 1159 1715 quanto
1183 1635 1274 1698 citius
1298 1653 1348 1699 ar-

202 1741 337 1804 marium
368 1739 561 1828 compingit?
607 1739 694 1802 nulla
725 1756 774 1801 ars
807 1756 868 1802 non
899 1738 1029 1802 alterius
1061 1739 1137 1802 artis
1169 1742 1225 1802 aut
1247 1742 1349 1802 mater

201 1848 258 1910 aut
280 1845 454 1927 propinqua
470 1847 529 1908 est:
562 1843 641 1907 nihil
665 1843 794 1906 alterius
811 1846 912 1906 uacat.
947 1846 994 1906 tot
1009 1846 1084 1907 sunt
1107 1843 1223 1907 artium
1239 1861 1348 1923 uenae,

201 1952 278 2031 quot
300 1943 464 2013 hominnm
490 1947 768 2030 concupiscentiae.
816 1947 871 2010 sed
893 1947 931 2010 de
954 1947 1151 2010 mercedibus
1183 1951 1214 2011 et
1237 1966 1348 2011 manus

200 2053 310 2136 pretiis
333 2053 475 2136 interest.
521 2052 648 2133 perinde
671 2051 804 2115 interest
827 2054 859 2114 et
882 2051 919 2113 de
941 2049 1058 2114 labore.
1104 2051 1206 2115 minor
1229 2070 1348 2115 merces
1377 2069 1401 2109 rs

201 2157 412 2240 frequentiore
436 2159 507 2220 actu
530 2158 722 2237 repensatur.
769 2158 845 2237 quot
872 2155 1006 2238 parietes
1034 2156 1126 2238 signa
1149 2156 1348 2220 desiderant?

202 2264 278 2343 quot
300 2261 421 2344 templa
443 2263 475 2324 et
490 2261 581 2323 aedes
604 2259 694 2324 idolis
718 2259 943 2324 aedificantur?
976 2260 1086 2323 domus
1107 2277 1181 2324 uero
1206 2263 1237 2322 et
1259 2278 1350 2342 prae-

202 2365 281 2430 toria
308 2369 340 2428 et
362 2364 474 2428 balnea
503 2369 534 2428 et
561 2364 682 2427 insulae
706 2367 864 2446 quantae?
911 2381 1020 2428 soccus
1049 2369 1081 2428 et
1107 2363 1190 2427 baxa
1213 2363 1349 2445 quotidie

202 2470 383 2549 deauratur,
417 2468 592 2532 Mercurius
628 2471 659 2532 et
689 2467 813 2551 Serapis
847 2485 910 2532 non
945 2468 1093 2550 quotidie.
1141 2468 1276 2533 sufficiat
1309 2470 1348 2532 ad

202 2577 369 2657 quaestum
386 2571 597 2636 artificiorum.
620 2572 811 2654 frequentior
827 2576 875 2636 est
886 2573 973 2636 omni
989 2572 1212 2654 superstitione
1227 2573 1349 2636 luxuria
1375 2591 1401 2629 20

204 2682 235 2742 et
258 2677 397 2742 ambitio.
440 2678 545 2740 lances
569 2679 601 2740 et
624 2677 754 2759 scyphos
777 2676 900 2741 facilius
924 2675 1055 2741 ambitio
1079 2694 1174 2759 quam
1198 2677 1349 2758 supersti-

203 2783 265 2867 tioJ
280 2780 478 2845 desiderabit.
518 2799 647 2846 coronas
664 2798 785 2862 quoque
806 2781 907 2863 magis
929 2781 1051 2845 luxuria
1073 2799 1168 2862 quam
1189 2781 1350 2845 sollemni·
1463 2865 1465 2871 Α

181 2899 184 2906 ’
203 2889 271 2971 tasj
288 2888 401 2968 erogat.
427 2903 498 2949 cum
515 2885 609 2968 igitur
626 2884 754 2949 adhaec
770 2883 973 2948 artificiorum
992 2902 1107 2967 genera
1123 2886 1348 2970 cohortemur„

203 3008 283 3072 quae
310 2990 429 3054 idolum
452 2989 579 3071 quidem
607 2992 638 3052 et
661 3007 740 3071 quac
767 2989 850 3052 idolo
878 2992 1061 3070 competunt
1087 3007 1150 3053 non
1173 2990 1348 3072 adfingant,
1447 2982 1450 2989 ’

203 3096 267 3160 sint
290 3097 397 3158 autem
424 3096 456 3157 et
477 3093 658 3158 hominibus
682 3093 862 3158 communia
889 3110 981 3176 saepe
1004 3110 1084 3174 qnae
1112 3096 1144 3156 et
1167 3093 1267 3173 idolis,
1291 3093 1349 3157 hoc
1375 3110 1401 3150 2⁵

203 3217 326 3281 quoque
350 3215 460 3262 cauere
484 3195 645 3276 debemus,
670 3197 804 3279 nequid
827 3197 998 3261 scientibus
1022 3197 1112 3261 nobis
1136 3196 1174 3259 ab
1192 3195 1348 3278 aliquibus

203 3304 240 3367 de
264 3300 410 3366 manibus
433 3301 549 3365 nostris
571 3301 604 3364 in
627 3319 694 3364 rem
717 3301 871 3365 idolorum
894 3302 1079 3384 postuletur.
1119 3300 1202 3383 quod
1225 3300 1253 3364 si
1275 3317 1349 3364 con-

203 3406 391 3471 cesserimus
423 3408 454 3468 et
481 3423 543 3468 non
570 3405 717 3468 remediis
745 3404 810 3468 iam
837 3405 962 3469 usitatis
991 3406 1156 3487 egerimus,
1187 3421 1250 3468 non
1272 3407 1348 3487 puto

114 3499 119 3512 '
203 3529 259 3575 nos
288 3528 306 3573 a
332 3509 474 3594 contagio
502 3509 694 3573 idololatriae
721 3526 842 3588 uacare,
871 3527 1003 3591 quorum
1031 3527 1143 3572 manus
1171 3527 1234 3572 non
1260 3511 1349 3591 igno-

247 3663 417 3720 lbraoteam
430 3664 457 3718 B
510 3661 702 3717 Sobtenditur
719 3664 777 3731 Urs,
797 3662 947 3716 attenditur
965 3664 1021 3717 Iun
1074 3661 1263 3717 tconfectnra
1276 3664 1348 3718 Pam

143 3771 152 3794 s
202 3752 319 3821 praestet
337 3750 392 3804 AB
458 3748 579 3816 'lligare
599 3749 670 3803 Pam
735 3749 872 3816 cymathia
889 3750 944 3804 AB
1009 3750 1190 3805 8incrustare
1209 3750 1289 3817 Pom,
1307 3750 1348 3802 in-

203 3853 315 3908 gypsare
333 3839 397 3905 fort.
451 3835 631 3892 9alitudines
649 3837 795 3890 Honorias
854 3839 880 3889 et
897 3836 990 3904 utiquc
1008 3839 1044 3905 A,
1062 3837 1154 3904 utiquc
1173 3837 1200 3891 B
1256 3839 1288 3892 lo
1307 3836 1348 3889 di·

12 3917 18 3938 ¹
101 3952 129 3967 υ
203 3923 297 3977 scribit
314 3925 371 3978 Iaca
417 3925 449 3978 14
461 3922 655 3991 manuspraetis
665 3923 700 3991 A,
714 3939 797 3975 manu
810 3923 906 3992 spretis
915 3924 951 3990 B,
963 3922 1139 3992 manupretiis
1149 3924 1205 3977 Iura
1242 3925 1274 3977 15
1288 3940 1348 3992 per-

202 4009 264 4063 inde
281 4010 395 4078 scripsi:
416 4008 527 4077 proinde
543 4011 598 4063 AB
659 4012 691 4064 19
713 4007 858 4062 deauratur
876 4011 939 4077 AB,
963 4009 1125 4062 deaurantur
1148 4010 1219 4063 Pam
1272 4009 1348 4062 suffi-

203 4097 274 4150 ciant
299 4096 350 4151 Gcl
409 4092 589 4163 acquestum
608 4098 635 4149 A
692 4094 885 4162 frequentiores
903 4098 965 4163 (om.
984 4097 1035 4161 est)
1056 4094 1106 4150 cet
1167 4097 1199 4151 21
1219 4095 1347 4164 scyfosA

203 4186 236 4238 22
254 4182 439 4251 sollempnitas
457 4182 484 4236 A
552 4183 587 4236 24
608 4198 674 4250 quae
696 4183 789 4252 priua]
813 4198 894 4250 equae
911 4184 938 4237 A
1003 4185 1036 4238 25
1054 4182 1109 4236 sint
1128 4183 1191 4236 Gcl:
1212 4185 1276 4236 sunt
1291 4184 1347 4237 AB

202 4273 234 4326 27
253 4270 378 4324 dolorum
396 4269 423 4323 A
481 4271 515 4328 28
533 4269 587 4322 iam
604 4267 676 4324 Lati
692 4265 748 4324 tam
761 4270 817 4326 AB
880 4270 923 4323 usi
939 4269 1116 4340 paenitentias
1132 4272 1205 4340 fort,
1223 4269 1265 4322 usi
1282 4269 1347 4324 satis

200 4359 346 4421 Hortcltca
