3200 5034
571 455 617 508 VI.
637 456 680 507 De
699 455 847 507 oratione
865 456 958 508 7-11.
1279 450 1338 513 187

197 630 376 711 parabolae,
397 631 548 712 exempla,
569 631 750 712 praeceptat
774 632 852 712 quot
871 629 966 693 simul
986 630 1206 710 expunguntur
1221 625 1339 690 officiat

198 734 248 797 dei
270 735 368 798 honor
388 735 421 798 in
441 738 539 816 patre,
562 734 635 798 fidei
657 734 873 799 testimonium
895 734 928 797 in
951 732 1087 813 nomine,
1111 730 1226 796 oblatio
1250 730 1340 795 obse-

198 838 262 920 quii
288 839 319 903 in
348 839 524 919 uoluntate,
555 838 811 904 commemoratio
839 837 904 919 spei
930 838 962 899 in
985 853 1096 919 regno,
1122 836 1231 917 petitio
1254 836 1339 899 uitae

198 942 230 1006 in
257 960 351 1026 pane,
383 944 606 1026 exomologesis
638 942 814 1007 debitorum
842 942 875 1005 in
903 941 1133 1023 deprecatione,
1164 936 1339 1004 sollicitudo

155 1048 159 1055 '
196 1047 440 1129 temptationum
455 1048 486 1110 in
501 1047 711 1128 postulatione
733 1047 859 1110 tutelae.
897 1046 971 1127 quid
990 1045 1127 1108 mirum?
1163 1043 1238 1107 deus
1255 1044 1340 1107 solus
1379 1072 1392 1110 s

198 1151 307 1215 docere
335 1151 451 1233 potuit,
482 1151 637 1233 quomodo
665 1170 698 1215 se
726 1150 822 1214 uellet
850 1150 940 1213 orari.
986 1148 1026 1213 ab
1053 1150 1120 1231 ipso
1142 1148 1236 1230 igitur
1259 1148 1340 1229 ordi-

198 1258 273 1319 nata
298 1254 407 1338 religio
435 1256 583 1319 orationis
612 1258 644 1319 et
671 1255 709 1318 de
737 1254 848 1337 spiritu
875 1254 973 1336 ipsius
1003 1254 1066 1317 iam
1097 1256 1172 1317 tune
1201 1270 1273 1315 cum
1304 1272 1339 1315 ex

197 1376 250 1422 ore
274 1359 378 1423 diuino
402 1359 546 1440 ferretur,
569 1359 710 1423 animata
732 1376 789 1422 suo
812 1357 977 1441 priuilegio
1000 1356 1141 1421 aseendit
1162 1357 1194 1419 in
1217 1356 1339 1421 eaelum

142 1494 149 1499 ’Δ
198 1463 420 1528 commendans
443 1464 524 1545 patri
547 1481 626 1545 quae
649 1462 732 1527 filius
756 1462 871 1526 docuit.

243 1566 292 1630 10.
318 1566 471 1647 Quoniam
494 1570 601 1632 tamen
624 1568 768 1631 dominus
791 1569 971 1650 prospector
993 1567 1203 1629 humanarum
1231 1582 1339 1629 neees—
1367 1594 1392 1632 ιο

197 1672 327 1736 sitatum
351 1690 492 1736 seorsum
516 1675 588 1755 post
608 1673 755 1736 traditam
778 1671 887 1735 orandi
909 1671 1116 1754 disciplinam,
1138 1670 1270 1753 petite,
1293 1670 1340 1733 111-

197 1776 275 1857 quit,
299 1780 335 1840 et
358 1777 567 1859 accipietis,
591 1780 623 1840 et
646 1779 730 1856 sunt,
755 1792 833 1857 quae
856 1778 1004 1856 petantur
1026 1793 1082 1857 pro
1105 1774 1341 1838 circumstantia

197 1881 364 1962 cuiusque,
391 1881 563 1963 praemissa
585 1880 730 1963 legitime
753 1883 784 1943 et
811 1879 966 1943 ordinaria
988 1879 1127 1943 oratione
1154 1880 1243 1961 quasi
1269 1878 1341 1942 fun-

199 1984 362 2064 damento,
390 1984 604 2048 accedentium
630 1985 679 2048 ius
708 1987 757 2048 est
780 1984 1005 2047 desideriorum
1032 1982 1267 2065 superstruendi
1289 2002 1341 2046 ex·

104 2094 186 2150 1170
199 2089 354 2154 trinsecus
378 2089 554 2171 petitiones,
578 2107 649 2153 curn
674 2088 826 2152 memoria
847 2092 955 2152 tamen
977 2084 1248 2171 praeceptomm.l
1368 2116 1392 2154 1⁵

244 2191 292 2256 11.
316 2192 364 2257 Ne
387 2197 542 2275 quantum
565 2212 583 2258 a
604 2194 790 2277 praeceptis,
814 2196 940 2256 tantum
963 2191 1002 2255 ab
1026 2191 1152 2255 auribus
1176 2191 1226 2254 dei
1247 2191 1340 2274 longe

197 2296 312 2378 simus,
350 2299 501 2362 memoria
534 2301 773 2380 praeceptorum
808 2297 893 2359 uiam
927 2296 1119 2360 orationibus
1156 2295 1268 2359 sternit
1302 2295 1341 2358 ad

183 2402 335 2476 'caelum3
364 2420 496 2484 quorum
519 2402 721 2485 praecipuum
746 2404 804 2482 est,
831 2421 871 2465 ne
893 2401 980 2484 prius
1004 2400 1210 2464 ascendamus
1233 2399 1272 2463 ad
1296 2400 1341 2463 al-

197 2510 265 2570 tare
289 2506 352 2586 dei,
380 2524 489 2588 quam,
519 2507 546 2569 si
569 2506 642 2589 quid
665 2505 837 2571 discordiae
860 2506 912 2569 uel
935 2505 1072 2569 offensae
1095 2516 1165 2568 cunr
1189 2502 1340 2567 fratribus

197 2610 453 2691 contraxerimus
477 2611 682 2675 resoluamus
729 2611 821 2692 quale
844 2613 893 2674 est
915 2610 999 2673 enim
1021 2609 1060 2674 ad
1083 2627 1193 2693 pacem
1216 2609 1266 2672 dei
1289 2626 1340 2672 ac·
1367 2636 1393 2674 ro

198 2715 307 2779 cedere
330 2715 397 2779 sine
419 2718 518 2797 paee?
548 2715 587 2779 ad
609 2714 829 2779 remissionem
852 2713 1027 2778 debitorum
1049 2732 1122 2777 eum
1144 2713 1339 2777 retentione?

304 2877 348 2946 11]
366 2878 463 2932 March.
477 2881 501 2942 7,
516 2882 540 2933 7.
559 2876 623 2931 Luc.
638 2881 679 2943 11,
692 2880 715 2933 9.
772 2877 816 2946 19]
835 2877 869 2932 cf.
882 2876 978 2931 Matth.
993 2880 1017 2943 5,
1030 2880 1071 2933 23.

198 3008 332 3062 lanatiore
351 3024 488 3062 manuum.
511 3008 535 3061 V
553 3007 729 3077 Apostrophe.
753 3008 792 3061 VI
811 3008 852 3061 De
870 3007 994 3077 expositis
1011 3007 1116 3076 penulis
1139 3007 1193 3061 VII
1215 3010 1258 3061 De.
1276 3008 1341 3062 assi-

198 3094 286 3149 dendo
304 3097 366 3165 post
383 3095 536 3149 orationem.
564 3095 639 3148 VIII.
659 3096 700 3147 De
719 3093 842 3148 manibus
861 3094 945 3148 elatis
973 3094 1062 3148 VIIII.
1082 3096 1122 3148 De
1140 3095 1226 3149 uultu.
1257 3095 1340 3149 XDc

198 3181 296 3235 osculo.
316 3181 356 3235 XI
373 3182 413 3235 De
432 3181 593 3236 stationibus
611 3181 666 3235 ΧΠ
683 3181 723 3234 De
741 3180 836 3234 habitu
855 3180 1023 3234 feminarum.
1046 3180 1115 3234 XIII
1133 3182 1172 3234 De
1190 3181 1340 3251 uirginibus

197 3268 282 3322 XIIII
304 3268 448 3338 Responsio
471 3269 520 3323 XV
538 3270 579 3322 De
597 3285 668 3337 genu
688 3268 810 3337 ponendo
829 3268 893 3322 XVI
915 3259 956 3322 De
972 3268 1030 3323 loco
1057 3268 1136 3322 XVII
1157 3269 1198 3322 De
1221 3272 1339 3337 ternpore

198 3355 293 3409 XVIII
310 3356 350 3409 De
368 3354 483 3409 fratrum
503 3355 623 3425 digressu
641 3354 749 3409 XVIIII
766 3356 807 3409 De
825 3354 991 3424 subiugendo
1009 3355 1112 3424 psalmo
1130 3355 1179 3408 XX
1196 3356 1237 3408 De
1252 3356 1341 3410 hostia

198 3442 315 3513 spiritali
327 3458 393 3511 quae
406 3443 490 3497 oratio
503 3443 539 3497 sit
556 3442 621 3495 XXI
637 3443 677 3496 De
690 3442 718 3495 ui
730 3444 757 3496 et
769 3442 865 3496 affectu
878 3441 1012 3496 orationis.
1031 3441 1338 3498 ANAOEPHALESIS.

198 3528 370 3599 Compendiis
388 3531 418 3585 D
481 3528 767 3593 antummum&
788 3528 959 3597 Compendiis
980 3530 1016 3597 A,
1036 3528 1243 3598 Λνακεφαλαῖωσις.
1261 3528 1339 3584 Com·

197 3616 302 3687 pendiis
326 3618 353 3671 B
423 3616 598 3686 pauculorum
620 3618 658 3685 D,
680 3632 826 3686 paucorum
848 3618 904 3671 AB
975 3619 1040 3685 quot
1061 3617 1130 3689 Rip:
1157 3616 1227 3685 quod
1254 3618 1340 3672 ABD

198 3707 232 3760 27
251 3704 467 3773 eusangeliorum
486 3706 515 3760 D

243 3794 258 3847 1
276 3790 400 3860 parabole
418 3792 445 3845 A
498 3794 564 3860 quot
580 3792 649 3860 Rip:
667 3791 738 3860 quod
754 3792 841 3846 ABD
892 3794 909 3846 2
927 3791 991 3844 fidei
1009 3792 1046 3859 D,
1066 3791 1131 3845 fides
1148 3793 1204 3846 AB
1265 3791 1341 3845 obse-

198 3878 246 3949 qui
263 3880 290 3934 A
348 3881 364 3934 6
382 3878 516 3947 quomodo
529 3880 566 3949 D,
578 3882 610 3932 ut
621 3880 677 3934 AB
732 3882 764 3935 10
780 3877 889 3933 POSSE
905 3877 976 3933 NOS
993 3878 1106 3933 SVPER
1121 3877 1279 3933 ADIOERE
1297 3881 1340 3933 in-

197 3967 327 4023 sottum
344 3967 473 4021 caABD
528 3969 559 4022 11
579 3966 679 4020 tradita
695 3966 857 4020 morandiA
912 3968 945 4021 13
956 3965 1113 4034 lagitimeA
1130 3984 1198 4022 corr.
1253 3967 1285 4020 14
1298 3982 1340 4020 ac-

198 4052 352 4108 cedentium
369 4053 411 4107 ius
429 4056 470 4107 est
482 4054 519 4121 D,
538 4053 715 4107 accidentium
733 4054 775 4107 ius
793 4055 834 4107 est
845 4054 910 4120 AB,
929 4051 1111 4107 accedentium
1129 4052 1203 4106 iuxta
1214 4054 1278 4122 Lat,
1297 4069 1340 4107 ae-

198 4139 348 4194 cidentium
365 4140 434 4194 iuste
454 4142 527 4210 Saul,
546 4141 723 4195 accidentium
741 4141 874 4193 iustorum
897 4141 948 4195 Ura
1002 4142 1182 4207 liquantum
1201 4140 1236 4209 B,
1259 4155 1340 4208 quarn

198 4227 258 4281 AD
327 4226 458 4296 preceptis
476 4228 503 4281 A
576 4230 608 4283 18
626 4226 674 4281 NE
694 4225 811 4281 ORANS
828 4226 975 4280 PATREM
994 4226 1126 4279 FRATRI
1143 4225 1338 4281 IRASOARIS.

198 4313 425 4382 NepriusABD
478 4314 561 4367 altare
580 4314 622 4367 dei
640 4314 678 4381 D,
697 4313 740 4367 dci
758 4314 841 4368 altare
859 4315 915 4369 AB
970 4316 1001 4369 19
1019 4312 1117 4367 offense
1130 4315 1157 4368 A
1210 4317 1245 4370 20
1263 4315 1340 4383 quale

199 4401 267 4469 AD,
286 4400 350 4469 quid
368 4402 395 4455 B
448 4400 568 4455 recedere
586 4402 614 4455 A
632 4418 699 4456 corr.
