3200 5034
520 428 595 482 VIII.
614 429 659 481 De
677 428 842 497 pudicitia
861 430 970 483 19-20.
1251 428 1313 492 267

171 607 209 668 et
237 603 384 687 peperit
413 604 566 669 herbam
589 608 714 688 aptam
736 605 794 668 his
817 607 968 688 propter
991 622 1082 686 quos
1106 607 1141 669 et
1164 604 1315 684 colitur,

171 706 475 773 benedictionem
506 709 565 773 dei
592 709 849 790 consequitur;
878 709 1073 791 proferens
1097 711 1221 773 autem
1245 708 1316 791 spi·

171 830 236 875 nas
266 812 425 894 reproba
454 816 490 877 et
519 812 779 877 maledictioni
808 812 991 895 proxima,
1022 813 1127 877 cuius
1158 812 1248 876 finis
1278 813 1315 876 in

171 917 415 1009 exustionem.
461 918 519 981 hoc
550 918 603 999 qui
632 916 672 981 ab
703 917 852 1001 apostolis
884 917 992 982 didicit
1018 921 1143 981 etcum
1167 917 1314 999 apostolis

170 1020 284 1100 docuit,
308 1039 481 1103 numquam
497 1022 628 1086 moecho
649 1025 680 1085 et
701 1020 882 1087 fornicatori
904 1021 1074 1085 secundam
1089 1020 1315 1103 paenitentiam
1355 1049 1367 1087 a

170 1124 359 1208 promissam
382 1125 422 1189 ah
445 1127 594 1209 apostolis
617 1130 715 1190 norat.
754 1126 871 1209 optime
897 1126 981 1190 enim
1003 1126 1107 1209 legem
1128 1126 1316 1209 interpreta-

170 1228 264 1293 batur
294 1232 326 1293 et
351 1228 469 1313 figuras
492 1230 558 1294 eius
580 1231 644 1294 iam
666 1231 698 1294 in
721 1231 791 1314 ipsa
814 1231 948 1295 ueritate
971 1228 1126 1298 seruabat
1173 1230 1212 1294 ad
1235 1231 1316 1294 hanc

171 1333 304 1415 denique
327 1334 466 1417 speciem
489 1334 671 1417 disciplinae
694 1334 732 1397 de
754 1335 876 1417 leproso
896 1338 1025 1399 cautum
1039 1334 1114 1399 fuit:
1139 1334 1180 1397 si·
1193 1337 1316 1397 autem

172 1438 338 1502 uarietas
369 1438 588 1503 effloruerit
617 1439 655 1502 in
685 1441 807 1503 eutem
835 1441 871 1503 et
893 1442 1009 1503 totam
1032 1441 1157 1503 cutem
1180 1439 1316 1503 texerit

170 1561 190 1606 a
219 1543 343 1627 capIte
373 1562 489 1625 usque
519 1543 563 1607 ad
592 1544 704 1627 pedes
734 1561 967 1627 peromnem
993 1545 1248 1626 conspectum,
1281 1546 1316 1607 et
1344 1570 1368 1607 ιο

171 1647 348 1713 sacerdos
379 1666 460 1712 cum
483 1648 635 1729 uiderit,
668 1648 888 1713 emundabit
911 1666 1006 1728 eum,
1037 1648 1213 1729 quoniam
1235 1664 1316 1711 con-

169 1752 289 1815 uertit
310 1752 347 1815 in
371 1750 511 1833 album,
535 1752 694 1817 mundus
718 1756 783 1817 est.
818 1771 889 1834 qua
905 1770 992 1816 uero
1009 1752 1065 1816 die
1082 1751 1185 1815 uisus
1201 1751 1317 1815 fuerit

169 1856 207 1920 in
242 1856 426 1920 eiusmodi
459 1857 560 1921 color
590 1857 714 1937 niune,
751 1856 972 1938 inquinatus
1006 1860 1072 1920 est.
1129 1873 1315 1919 conuersum
1405 1886 1407 1891 ·

169 1959 256 2024 enim
286 1961 446 2024 homiuem
478 1961 515 2025 de
545 1961 675 2045 pristino
706 1961 809 2025 caruis
841 1958 953 2024 habitu
984 1961 1016 2023 in
1044 1960 1211 2024 eandorem
1234 1959 1315 2040 fidei,

169 2082 251 2145 quae
272 2064 385 2128 uitium
404 2068 436 2130 et
452 2066 577 2130 macula
591 2067 776 2130 aestimatur
790 2066 823 2129 in
840 2066 974 2145 saeculo,
998 2068 1030 2128 et
1046 2067 1148 2129 totum
1164 2066 1315 2129 nouatum
1343 2091 1367 2131 1⁵

169 2170 325 2233 mundum
356 2170 457 2234 uoluit
482 2170 636 2253 intellegi,
666 2170 719 2251 qui
741 2170 806 2233 iam
829 2188 891 2233 uon
915 2169 957 2233 sit
979 2169 1099 2249 carina,
1128 2186 1190 2233 non
1214 2168 1255 2232 sit
1278 2169 1315 2232 de

168 2273 302 2356 pristino
333 2277 364 2337 et
392 2292 473 2338 nouo
497 2292 654 2358 aspersus,
701 2274 728 2337 si
751 2292 825 2338 uero
849 2277 921 2357 post
944 2272 1148 2337 abolitionem
1169 2273 1202 2337 in
1225 2275 1316 2337 uetu-

169 2379 286 2462 statem
316 2378 434 2459 aliquid
465 2397 500 2442 ex
530 2378 586 2443 illa
614 2379 774 2459 reuirerit,
806 2397 932 2442 rursum
962 2378 994 2441 in
1025 2395 1117 2441 carne
1145 2377 1210 2441 eius
1234 2376 1316 2458 quod

169 2485 349 2546 emortuum
379 2482 492 2547 delicto
522 2482 697 2547 habebatur
727 2482 928 2547 immundum
958 2481 1087 2546 iudicari
1117 2500 1174 2545 nec
1199 2481 1316 2563 expiari

167 2587 234 2650 iam
256 2605 275 2650 a
298 2588 468 2651 sacerdote.
503 2587 548 2651 ita
570 2587 713 2651 moechia
734 2586 772 2649 de
795 2587 927 2670 pristino
949 2586 1086 2650 recidiua
1109 2589 1141 2649 et
1160 2585 1316 2649 unitatem
1342 2613 1368 2651 ro

168 2692 244 2754 noui
267 2691 393 2771 coloris,
416 2709 519 2772 aquo
542 2691 646 2755 fuerat
669 2691 808 2771 exclusa,
831 2691 1064 2755 commaculans
1087 2688 1315 2753 immundabile

168 2795 355 2859 estuitium.
390 2794 468 2859 item
485 2795 522 2858 de
539 2796 645 2859 domo:
670 2795 701 2859 si
725 2813 817 2877 quae
841 2795 1009 2858 maculae
1033 2796 1069 2858 et
1085 2793 1315 2857 eauositates

168 2899 418 2963 adnuntiatae
448 2900 485 2962 in
515 2898 727 2981 parietibus
762 2898 951 2986 sacerdoti
982 2899 1163 2978 fuissent,
1197 2898 1316 2980 prius-

168 3021 280 3085 quam
302 3003 483 3067 introiret
506 3003 549 3068 ad
571 3003 847 3086 inspiciendam
871 3022 964 3083 eam,
987 3001 1093 3067 iubet
1115 3002 1258 3067 auferri
1273 3002 1315 3066 de

167 3108 275 3172 domo
299 3108 436 3189 omnia,
464 3108 517 3172 ita
538 3109 728 3173 immunda
750 3126 823 3172 non
846 3108 972 3172 futura
995 3108 1237 3193 quaedomus
1261 3126 1315 3171 es·
1342 3132 1368 3172 25

168 3215 266 3275 sent.
313 3211 737 3295 dehinciutrogressus
769 3212 943 3275 sacerdos
972 3212 1002 3275 si
1025 3211 1238 3276 inuenisset
1261 3229 1316 3275 ca-

168 3315 356 3380 uositates
388 3316 635 3381 uiridicantes
666 3317 726 3380 uel
757 3316 1017 3398 rubescentes,
1052 3320 1087 3380 et
1121 3319 1315 3399 aspectum

170 3437 298 3483 earum
323 3420 561 3484 humiliorem
584 3421 681 3485 citra
701 3421 928 3504 parietinam
944 3421 1114 3501 formam,
1138 3420 1257 3483 exiret
1272 3420 1316 3484 ad

167 3525 319 3588 ianuam
353 3529 389 3588 et
422 3528 636 3589 secerneret
670 3525 816 3589 domurn
852 3526 957 3589 illam
995 3527 1136 3608 septem
1174 3524 1314 3588 diebus.

167 3628 306 3691 dehine
337 3629 395 3692 die
429 3629 590 3711 septima
614 3648 812 3712 regressus
836 3630 867 3692 si
891 3628 1225 3693 animaduertisset
1248 3629 1315 3693 dif-
1342 3656 1368 3695 co

167 3733 296 3796 fusum
325 3733 362 3795 in
392 3732 604 3815 parietibus
635 3737 778 3797 tactum
809 3733 931 3813 illum,
966 3734 1168 3817 imperaret
1199 3736 1315 3798 exter·

275 3886 304 3955 a]
322 3886 558 3956 Leu.13,12sqq.
613 3887 659 3956 aa]
678 3886 743 3942 iuro.
758 3890 799 3953 rr,
812 3889 847 3943 ae
859 3846 915 3956 sqq.

212 4025 304 4080 icius
324 4027 388 4081 Gal:
406 4026 430 4079 ei
448 4028 476 4081 Β
536 4025 661 4080 seruabat
679 4028 765 4081 Pam.-
782 4025 926 4080 seruabant
944 4028 971 4081 Β
1035 4029 1064 4082 ll
1085 4026 1210 4094 quoniam
1229 4029 1315 4082 Pom:

167 4111 242 4180 quod
260 4113 287 4166 B
358 4116 391 4168 lo
409 4112 496 4166 uoluit
516 4112 546 4181 0,
565 4133 616 4169 om.
635 4115 663 4167 Β
730 4115 762 4167 17
782 4112 919 4166 abolitiem
942 4112 985 4176 Ο,
1029 4116 1060 4168 19
1079 4116 1230 4166 emortuum
1251 4115 1316 4169 Gal:

166 4201 290 4253 emortuo
303 4200 330 4253 B
374 4198 517 4253 habebitur
525 4203 589 4270 fort.
635 4204 669 4255 20
682 4200 803 4253 moechia
815 4202 877 4256 Gal:
890 4200 1038 4254 moechiam
1051 4202 1079 4255 Β
1123 4199 1241 4254 recidiua
1252 4203 1314 4257 cer.-

166 4284 315 4339 recidiuam
334 4288 362 4341 Β
418 4290 452 4342 28
471 4287 631 4355 parietinam
652 4290 716 4343 Get:
733 4287 863 4355 parietem
882 4304 935 4341 nou
953 4288 980 4341 Β
1039 4291 1070 4343 31
1091 4288 1261 4342 exterminari
1282 4289 1312 4356 0,

166 4372 271 4427 extrahi
291 4373 319 4426 Β
