3200 5034
768 1098 827 1180 IV.

493 1309 557 1373 nn
583 1306 869 1374 unsumonro
897 1306 1096 1373 autumn..

266 1518 294 1583 1.
317 1489 442 1602 Magna
468 1519 648 1583 curiositate
672 1522 703 1582 et
724 1519 841 1583 maiore
864 1519 957 1602 longe
981 1518 1134 1582 memoria
1155 1535 1232 1600 opus
1256 1517 1367 1581 estad

222 1623 426 1703 studendum,
461 1624 487 1687 si
522 1624 575 1705 qui
609 1623 687 1687 uelit
721 1642 757 1687 ex
791 1623 903 1687 litteris
934 1622 1157 1704 receptissimis
1191 1620 1366 1703 quibusque

181 1757 194 1795 s
221 1729 475 1812 philosophorum
494 1729 546 1792 uel
566 1731 730 1811 poetarum
753 1729 806 1791 uel
826 1726 1037 1809 quommlibet
1058 1727 1234 1812 doqtrinjae
1257 1745 1294 1791 ac
1316 1744 1367 1789 sa-

220 1833 354 1915 pientiae
368 1832 536 1896 saecularis
550 1832 775 1916 magistrorum
786 1832 968 1895 testimonia
980 1850 1162 1916 euceqperej
1171 1830 1368 1895 Christianae

221 1936 378 2017 ueritatis,
408 1939 444 1999 ut
467 1936 584 1999 aemuli
607 1938 885 2018 persecutoresque
908 1936 974 1999 cius
1002 1935 1039 1998 de
1065 1953 1132 2021 lsuo
1158 1935 1291 2019 proprio
1318 1934 1368 1998 in·

221 2043 397 2105 strumento
418 2044 450 2104 et
470 2040 583 2105 erroris
602 2040 635 2104 in
655 2059 689 2103 se
710 2043 742 2105 ct
760 2040 935 2121 iniquitatis
955 2040 988 2103 in
1003 2057 1061 2104 nos
1076 2040 1121 2104 rei
1135 2040 1365 2125 [reuincantjur.

221 2145 364 2210 nonnulli
386 2144 523 2227 quidem,
551 2144 663 2226 quibus
687 2144 724 2207 de
747 2144 883 2227 pristina
904 2144 1093 2229 litteratura
1115 2147 1147 2208 et
1169 2142 1368 2228 curiositatis

170 2280 194 2317 ιο
221 2250 308 2314 labor
332 2252 364 2314 et
387 2250 555 2315 memoriae
581 2252 671 2313 tenor
693 2250 919 2332 perseuerauit,
948 2248 987 2312 ad
1008 2266 1091 2333 [eum
1115 2247 1253 2332 modumJ
1275 2265 1368 2330 opus-

221 2355 292 2418 cula
311 2373 409 2436 penes
429 2372 486 2418 nos
506 2353 726 2418 condiderunt:
751 2356 1034 2417 commemorantes
1054 2356 1086 2416 et
1101 2351 1368 2416 contestificantes

221 2459 253 2522 in
282 2458 407 2543 singula
433 2459 586 2522 rationem
615 2462 646 2522 et
672 2458 826 2541 originem
850 2460 882 2521 et
904 2456 1105 2521 traditionem
1128 2460 1160 2521 ot
1182 2459 1370 2541 argumenta

222 2563 459 2642 sententiarum,
483 2582 538 2645 per
559 2580 638 2644 quae
657 2563 839 2646 recognosci
858 2563 959 2645 possit
977 2562 1056 2625 nihil
1075 2579 1132 2626 nos
1152 2565 1207 2625 aut
1225 2580 1343 2625 nouum
1361 2559 1449 2643 1171

222 2671 277 2732 aut
303 2669 520 2747 portentosum
548 2667 734 2747 suscepisse,
762 2666 800 2730 de
828 2684 889 2748 quo
916 2684 979 2730 non
1006 2666 1102 2730 etiam
1128 2683 1311 2729 communes
1337 2669 1371 2729 et

112 2810 114 2816 ι
170 2799 194 2839 1⁵
221 2771 364 2855 publicae
390 2772 516 2835 litterae
546 2771 585 2834 ad
616 2770 801 2854 suffragium
832 2769 923 2834 uobis
952 2770 1202 2854 patrocinentur,
1237 2770 1264 2833 si
1295 2769 1370 2851 quid

222 2879 277 2940 aut
302 2876 415 2953 erroris
444 2874 592 2939 eiecimus
624 2878 677 2938 aut
708 2874 875 2955 aequitatis
907 2874 1102 2939 admisimus.
1154 2874 1209 2937 sed
1235 2892 1275 2937 ne
1303 2874 1368 2938 suis

222 2981 349 3062 quidem
379 2979 540 3062 magistris
574 2980 650 3043 alias
681 2978 913 3062 probatissimis
945 2982 1038 3061 atque
1067 2979 1246 3042 lectissimis
1273 2977 1370 3042 fidem

221 3085 385 3148 inclinauit
403 3084 543 3148 humana
562 3084 599 3146 de
620 3084 839 3148 incredulitate
859 3084 984 3163 duritia,
1008 3083 1107 3148 sicubi
1125 3083 1159 3147 in
1182 3086 1371 3167 argumenta

223 3188 418 3253 Christianae
449 3187 638 3251 defensionis
669 3188 875 3273 impingunt.
927 3191 1003 3252 tuuc
1033 3188 1108 3251 uani
1137 3191 1262 3270 poetae,
1296 3206 1370 3251 cum

171 3321 196 3359 20
223 3293 296 3357 deos
312 3292 459 3356 humanis
474 3292 672 3374 passionibus
694 3295 725 3355 et
744 3292 877 3378 fahquqlis
897 3292 1075 3376 designant,
1098 3295 1173 3355 tunc
1191 3292 1370 3375 philosophi

223 3398 301 3478 duri,
326 3416 398 3461 cum
413 3397 556 3460 ueritatis
572 3397 655 3461 fores
670 3398 826 3482 Lpulsant.
866 3398 1019 3460 hactenus
1040 3398 1164 3480 sapiens
1186 3400 1218 3460 et
1231 3396 1369 3478 prudens

266 3566 694 3623 INCIPITzDETESTIMONIO
721 3568 864 3623 ANIMAE
891 3568 1082 3624 FELICITER
1110 3571 1136 3624 A
1211 3571 1229 3623 4
1255 3569 1314 3637 quis
1341 3570 1369 3623 B

224 3657 349 3723 cuiusque
376 3654 537 3711 Graecanicas
581 3646 606 3711 '5
631 3656 752 3710 doctrina
770 3658 798 3711 B
855 3672 884 3708 ac
902 3675 953 3712 om.
974 3658 1000 3711 B
1058 3656 1131 3713 8rei
1149 3656 1313 3709 cuincantur.
1338 3673 1370 3710 ac

224 3742 346 3796 nonnulli
363 3740 419 3796 Iam
473 3745 505 3797 10
524 3759 585 3795 eum
603 3742 725 3811 modum]
745 3744 815 3798 douc
826 3750 909 3799 tresve
922 3745 1026 3798 litterae
1038 3744 1122 3810 (eum)
1134 3744 1165 3797 ia
1177 3744 1204 3797 A
1218 3745 1370 3812 perimant,

224 3832 317 3898 gentes
334 3830 390 3898 Rip
445 3832 474 3884 11
495 3828 670 3883 testificantes
689 3832 715 3884 A
770 3832 803 3884 12
821 3830 850 3883 in
868 3829 974 3898 singula
992 3830 1123 3883 rationem
1145 3831 1173 3883 et
1191 3830 1320 3899 originem
1342 3835 1371 3884 et

224 3915 396 3969 traditionem
414 3917 557 3971 Prioriroa:
578 3917 606 3969 in
626 3915 805 3984 singilatione
826 3916 849 3969 tu
867 3917 976 3985 origine.
1000 3914 1184 3969 &traditione
1201 3918 1238 3985 A,
1259 3917 1288 3970 in
1306 3934 1370 3986 sug-

224 4002 389 4071 gillationem
408 4004 435 4055 et
452 4002 583 4071 originem
602 4005 629 4055 et
647 4002 819 4056 traditionem
832 4005 867 4067 B,
885 4004 914 4056 in
927 4002 1143 4072 suggillationem
1156 4005 1183 4055 et
1195 4003 1329 4073 originum
1342 4007 1370 4057 et

224 4089 399 4143 traditionum
412 4090 552 4157 Latinius,
565 4090 594 4142 in
607 4088 712 4157 singula
724 4090 855 4144 rationem
869 4093 895 4144 et
907 4091 1038 4159 originem
1050 4092 1227 4145 traditionum
1244 4093 1371 4148 Oablcma

225 4178 383 4244 argumenta
402 4177 594 4229 sententiarum
613 4177 756 4232 Proetus.-
774 4177 972 4234 sentemtiarum
990 4182 1152 4246 argumenta
1171 4181 1226 4234 AB
1284 4181 1317 4234 16
1335 4195 1369 4232 ne

225 4281 274 4319 om.
294 4264 395 4332 ABmp
451 4266 482 4318 17
502 4266 581 4331 atque
598 4262 750 4317 lectissimis
769 4282 820 4319 om.
839 4266 866 4319 A
927 4268 960 4321 18
977 4265 1165 4320 incmdelitate
1183 4268 1211 4320 A
1270 4269 1304 4321 20
1322 4267 1370 4320 ab·

226 4349 334 4418 signant
352 4351 408 4404 Ima
460 4352 493 4405 21
512 4349 651 4402 uarietatis
669 4351 696 4404 A
