3200 5034
491 417 542 471 111.
565 417 609 470 Ad
628 418 779 471 nationes
797 417 852 471 lib.
866 419 895 472 Il
915 422 990 475 7-8.
1251 420 1311 484 109

172 592 254 656 rideo
289 592 386 657 etiem
417 589 421 676 Ι
450 591 543 678 ,depe
578 592 759 656 decuriones
794 592 945 674 cuiusque
980 594 1157 677 municipii,
1200 594 1315 676 quibus

171 695 268 760 honor
291 695 374 761 intre
395 714 501 761 muros
525 714 597 760 suos
618 694 880 782 detorqminatur.
911 698 988 761 haee
1011 698 1141 790 libertas
1166 698 1317 781 adoptan-

172 800 281 863 dorum
294 800 423 865 deorum
435 818 595 883 quousque
606 801 773 884 profecerit
793 799 797 886 Ι
816 800 1063 887 ,Aegyptiorum
1079 804 1315 886 superstitiones

172 903 292 985 docent,
324 906 378 987 qui
401 905 497 969 etiam
519 903 637 969 bestias
661 906 800 988 priuatas
825 907 942 986 colunt,
970 904 975 991 Ι
1002 907 1100 992 ,feles
1124 908 1316 991 c,orcodillos

172 1011 201 1072 et
222 1008 372 1073 Anubem
400 1030 501 1074 suurn.
569 1028 681 1093 parum
705 1012 763 1090 est,
791 1010 819 1073 si
842 1011 938 1074 etiam
959 1011 1120 1075 hominem
1143 1009 1316 1097 consacrat—
1355 1038 1369 1078 s

169 1117 311 1199 ,uerunt„
334 1114 424 1178 illurn
447 1115 514 1179 dico
530 1132 623 1196 quem
640 1132 702 1178 non
718 1115 781 1177 iam
793 1114 959 1197 Aegyptus
975 1118 1031 1179 aut
1042 1115 1182 1197 Graecia,
1205 1136 1317 1180 uemm

171 1219 254 1281 totus
278 1218 361 1282 orbis
390 1217 394 1303 Ι
420 1219 503 1305 ,colit
526 1221 566 1303 et,
588 1216 657 1282 Afri
679 1219 793 1299 iurant,
825 1218 863 1281 de
890 1219 979 1283 cuius
1003 1222 1088 1284 statu
1113 1220 1194 1302 quod
1218 1222 1317 1285 conici

170 1324 273 1402 potest
297 1324 379 1405 apud
401 1326 525 1388 nostras
548 1324 680 1403 litterae,
708 1324 713 1403 Ι
739 1326 784 1406 ,ut
807 1323 986 1407 uerisimile
1008 1324 1144 1406 uidetur,
1177 1326 1316 1408 positum

172 1428 227 1489 est.
273 1445 349 1491 nam
376 1426 499 1511 Serapis
527 1428 587 1492 iste
615 1427 742 1509 quidam
770 1428 847 1491 olim
874 1425 1006 1512 Iol,seph
1033 1428 1143 1514 dietus,
1169 1430 1243 1510 fuit,
1278 1430 1315 1494 de

171 1549 284 1613 genere
308 1535 497 1596 sanctorum.
542 1532 644 1596 iunior
666 1532 746 1595 inter
769 1535 889 1596 ceteros
912 1532 1035 1614 fratres,
1059 1533 1114 1597 sed
1137 1534 1284 1599 excelsior
1307 1525 1316 1616 Ι
1345 1564 1370 1603 ιο

170 1636 315 1721 ,ingenio,
346 1636 385 1701 ab
408 1637 509 1700 isdem
532 1635 682 1700 fratribus
705 1656 761 1718 per
783 1637 916 1701 liuorem
939 1655 1057 1701 uenum
1080 1638 1111 1701 in
1134 1636 1317 1721 Aegyptum

172 1741 262 1804 datus
298 1741 474 1827 seruiebat
506 1742 539 1805 in
573 1740 703 1825 familia
735 1741 820 1824 regis
851 1738 1079 1825 Aegyptiorum
1112 1742 1244 1806 Pharao.
1299 1761 1317 1807 a

171 1846 279 1929 regina
302 1847 407 1910 minus
430 1846 545 1928 pudica
567 1844 789 1930 desidelpatus,
814 1845 868 1909 sed
891 1846 973 1930 qnia
997 1863 1059 1910 non
1075 1845 1316 1929 obsequebatur,

172 1968 187 2012 e
217 1952 371 2015 contrario
403 1950 441 2014 ab
472 1950 582 2014 eadem
613 1949 734 2013 delatus
758 1966 777 2013 a
798 1969 873 2033 rege
908 1950 912 2034 Ι
946 1950 988 2035 ,in
1019 1968 1185 2035 carcerem,
1215 1951 1315 2016 datur.

103 2056 153 2114 127
170 2054 231 2119 illio
255 2056 377 2119 somnia
400 2054 588 2137 quibusdam
611 2072 673 2118 non
697 2072 862 2137 perperam
885 2054 1108 2137 interpretatus
1132 2052 1141 2140 ΙΙ
1163 2055 1229 2119 uim
1253 2046 1317 2139 spi·
1344 2085 1368 2124 1⁵

172 2161 248 2225 ritus
273 2161 322 2223 sui
345 2160 490 2225 ostendit.
522 2160 644 2224 interea
665 2178 718 2223 rex
741 2176 864 2241 quoque
887 2160 1025 2223 somniat
1047 2160 1199 2224 terribilia
1222 2179 1317 2242 quae-

172 2264 253 2329 dam.
306 2265 353 2329 illi
377 2263 382 2348 Ι
407 2264 655 2329 detractantibus
679 2281 756 2345 quos
785 2268 1012 2328 conuocauerat
1039 2264 1141 2328 ualuit
1164 2282 1316 2348 exponere

171 2369 293 2452 Ioseph,
318 2370 534 2452 expedimenta
557 2370 595 2432 de
615 2366 620 2451 Ι
640 2386 763 2432 carcere
787 2367 919 2448 edocuit,
943 2369 1102 2433 somnium
1116 2370 1183 2453 regi
1199 2370 1315 2453 sperit:

171 2474 239 2538 illos
263 2474 360 2538 boues
384 2456 505 2557 septem
529 2473 739 2555 opimissimos
763 2472 813 2536 dil
816 2470 976 2556 {fluentem
1000 2473 1132 2538 totidem
1163 2491 1316 2538 annorum

171 2577 349 2643 ubertatem
376 2578 561 2662 significare,
591 2577 777 2660 posteriores
806 2596 903 2659 aeque
931 2576 1061 2663 septtem
1089 2581 1214 2643 enectos
1243 2579 1319 2643 sub·
1345 2607 1371 2645 20

173 2683 369 2765 sequentium
396 2672 530 2765 septem¹
547 2700 700 2746 annorum
727 2682 865 2764 inopiam
887 2682 1078 2765 praedicare.
1125 2683 1235 2747 suadet
1258 2683 1318 2747 ita-

173 2807 229 2869 que
260 2786 265 2873 Ι
297 2787 334 2851 de
365 2786 567 2851 recondendis
598 2784 762 2869 praesidiis
792 2786 825 2849 in
855 2786 998 2851 futuram
1028 2787 1146 2852 famem
1169 2788 1207 2851 de
1230 2789 1320 2872 copia

215 2979 229 3031 l
250 2976 312 3030 deos
328 2977 413 3032 Goth:
432 3018 457 3030 ..
473 3018 478 3029 .
492 2992 504 3029 s
519 2974 612 3044 Germ,
625 2974 720 3044 How,
739 2975 757 3028 d
771 3018 776 3029 .
792 3018 797 3028 .
813 3018 818 3029 .
832 2993 844 3028 s
860 2976 931 3030 Bal*
987 2979 1004 3032 2
1023 2975 1218 3030 determinatur
1233 2977 1319 3033 Goth:

174 3063 264 3118 deter.
281 3106 286 3117 .
301 3106 306 3117 .
320 3066 381 3117 etur
396 3063 489 3131 Germ,
502 3062 587 3117 Helu*
641 3065 658 3117 4
677 3061 748 3126 feles,
771 3062 917 3116 crocodilos
930 3064 1017 3117 Hild:
1034 3106 1060 3118 ..
1075 3107 1080 3118 .
1095 3106 1101 3117 .
1115 3064 1271 3118 orcodrillos
1282 3066 1319 3133 A,
1362 3087 1364 3090 ·

173 3193 178 3204 .
191 3168 220 3219 sp
235 3194 239 3205 .
255 3194 260 3204 .
275 3193 280 3204 .
296 3194 301 3204 .
315 3150 484 3203 corcodrillos
496 3150 590 3217 Gotb*,
602 3166 632 3218 sp
647 3192 652 3202 .
667 3192 672 3203 .
687 3192 692 3203 .
707 3192 713 3203 .
728 3148 885 3203 crocodillos
895 3151 951 3219 Rip
953 3193 1047 3218 ......
1061 3150 1231 3204 corcodrillos
1240 3152 1318 3218 Bao,

172 3238 265 3305 Hero,
284 3236 350 3291 ibim
374 3236 544 3291 corcodrillos
566 3239 640 3306 fort,
665 3239 691 3289 et
710 3235 839 3305 aspidem,
863 3236 1009 3290 crocodilos
1030 3239 1111 3306 Gotb,
1134 3238 1238 3306 spiritu,
1261 3253 1319 3291 cro-

172 3324 280 3378 codillos
302 3323 437 3391 0011000,
466 3324 590 3393 sphingis
619 3322 789 3376 crocodrillos
808 3325 849 3377 M.
867 3324 1073 3379 Klossmcnnas
1151 3328 1167 3379 5
1194 3296 1318 3377 Alubem

171 3414 282 3481 scripsi:
303 3426 418 3479 anguem
435 3412 463 3464 A
516 3412 742 3463 consacreuerunt
757 3409 897 3465 Oebleme:
916 3412 1173 3481 consecraruntRip
1226 3413 1319 3480 tigre-

173 3499 212 3551 cia
229 3501 257 3554 A
311 3498 410 3553 700111
428 3500 455 3551 et
469 3498 541 3553 Gotb
592 3496 653 3550 Afri
666 3498 735 3567 Rip:
754 3496 855 3552 efriiA
909 3497 981 3565 quod
995 3498 1081 3554 Gotb:
1098 3497 1202 3565 quidA
1255 3501 1319 3555 8nt

172 3585 315 3639 uerisimile
341 3586 412 3641 Gotb
482 3585 589 3639 uidetur
614 3585 699 3640 Gotb:
722 3584 846 3638 uideatur
867 3586 895 3639 A
966 3589 982 3640 9
1005 3585 1101 3654 Ioseph
1124 3584 1212 3639 dictus
1233 3585 1319 3640 Gotb:

172 3671 881 3740 io(icrus.).........A,Iosef......Goth*
954 3672 1213 3740 llingenioGotb:
1232 3714 1317 3726 .....

174 3801 257 3814 .....
278 3761 306 3814 A
363 3758 516 3814 liboremA
580 3762 612 3814 12
632 3758 711 3811 datus
726 3758 812 3815 Goth:
830 3758 910 3812 datur
928 3761 956 3814 A
1018 3758 1151 3812 seruiebat
1168 3759 1198 3811 in
1215 3758 1318 3812 familia

175 3846 245 3902 Gneo
298 3845 464 3901 faraoAso'o
481 3862 585 3915 semper
638 3848 670 3901 13
689 3845 863 3910 desideratus,
883 3844 931 3898 sed
949 3846 1012 3913 quia
1027 3847 1099 3901 Gotb
1164 3848 1197 3901 14
1214 3846 1243 3899 in
1261 3862 1318 3899 car-

173 3948 257 3987 cerem
287 3934 359 3989 Gotb
431 3937 463 3989 15
490 3933 682 4003 interprqtatus
705 3934 732 3986 A
805 3935 838 3987 16
861 3932 978 3986 somniat
1003 3932 1142 3988 Oebterue:
1166 3934 1270 3985 somnio
1291 3933 1319 3986 A

174 4022 204 4075 17
233 4019 447 4073 detractantibus
475 4021 588 4089 scripsi:
615 4019 741 4072 detractis
771 4020 807 4085 A,
835 4019 971 4072 detractus
1002 4019 1135 4086 Oebleme,
1163 4018 1318 4072 detractatis

173 4110 211 4162 Μ.
230 4110 437 4164 Klosomormoe
530 4107 600 4175 quod
630 4110 791 4161 conuocatus
820 4110 877 4160 erat
910 4108 1036 4162 Oebleme
1136 4106 1224 4159 uoluit
1248 4107 1319 4162 Gotb

175 4198 205 4251 18
222 4195 292 4249 iosef
302 4198 330 4251 A
384 4195 564 4264 experimenta
581 4195 706 4250 Oebteons
761 4197 792 4250 19
807 4193 975 4249 diffluentem
992 4195 1105 4263 scripsi:
1123 4193 1269 4247 defluentes
1282 4195 1317 4261 A,

174 4282 327 4337 diffluentes
358 4282 484 4338 Oeblerus
570 4284 604 4337 20
631 4283 736 4335 enectos
767 4281 907 4337 Oeblerue:
932 4282 1036 4350 ineptos
1063 4283 1100 4351 A,
1126 4281 1224 4334 inertes
1252 4284 1317 4351 fort.

173 4373 203 4427 21
224 4371 319 4425 suadet
342 4370 481 4427 Oebleooes:
499 4387 576 4441 saepe
594 4371 621 4424 A
