3200 5034
715 419 893 473 Praefatio.
1323 421 1377 475 VII

231 595 344 679 uiginti
366 599 497 678 septem,
520 597 552 658 in
576 595 776 659 latitudinem
798 595 995 678 undeuiginti
1017 597 1127 670 semim
1158 597 1299 679 singulae
1322 616 1377 680 pa-

232 701 323 782 ginae
354 699 536 763 nicenorum
566 700 710 763 binorum
738 718 888 762 uersuum
911 703 994 764 sunt.
1041 701 1180 764 erarauit
1202 704 1303 764 totum
1327 719 1378 764 co-

232 804 333 867 dicem
363 803 510 867 librarius
541 823 633 884 unus,
665 803 718 884 qui
749 804 832 867 idem
864 821 921 890 sua
950 805 1047 887 ipsius
1080 807 1183 868 errata
1212 807 1267 868 aut
1295 805 1378 869 inter

233 908 432 972 scribendum
448 911 502 971 aut
516 911 588 991 post
604 907 724 971 finitam
746 908 1005 990 perscriptionem
1021 909 1166 983 correrit3
1187 909 1377 990 ubicumque

231 1012 328 1094 igitur
358 1012 390 1075 in
422 1015 576 1095 apparatu
606 1009 741 1074 Acorr.
773 1012 956 1076 adnotatum
988 1015 1046 1092 est,
1079 1012 1183 1095 ipsum
1212 1012 1376 1077 librarium
1401 1010 1530 1073 Acerr.

232 1135 340 1180 ueram
360 1116 527 1180 lectionem
549 1117 726 1199 reposuisse
750 1117 913 1180 sciendum
937 1120 994 1196 est,
1018 1134 1076 1179 nec
1098 1117 1204 1180 minus
1224 1116 1323 1180 sicubi
1343 1117 1375 1180 in

232 1223 384 1303 apparatu
407 1221 548 1303 singulae
572 1219 797 1284 uocabulorum
820 1221 944 1284 litterae
965 1221 1133 1284 inclinatae
1153 1221 1377 1303 exprimuntur,

233 1342 285 1387 eas
317 1323 355 1387 ab
386 1324 454 1405 ipso
484 1324 609 1388 librario
638 1325 670 1388 in
693 1342 804 1388 rasura
827 1343 896 1388 esse
919 1325 1049 1407 positas.
1095 1343 1248 1389 manuum
1271 1344 1378 1389 recen-

232 1429 347 1492 tiorum
376 1431 429 1491 aut
457 1429 590 1493 duarmn
622 1433 677 1493 aut
708 1429 805 1493 trium
835 1447 990 1512 perpauca
1019 1430 1163 1512 uestigia,
1194 1448 1295 1511 neque
1323 1448 1377 1493 eae

232 1533 316 1596 ultra
345 1533 524 1596 litterarum
555 1533 759 1597 euanidarum
787 1533 1049 1598 restaurationem
1072 1537 1126 1597 aut
1148 1534 1266 1596 leuium
1289 1552 1378 1598 men-

232 1637 343 1700 dorum
374 1639 597 1702 annectionem
629 1639 795 1721 quicquam
827 1642 957 1703 conatae
985 1642 1068 1703 sunt.
1115 1639 1195 1703 sicut
1218 1659 1254 1702 cx
1277 1639 1377 1703 indice

232 1741 367 1824 praefixo
391 1742 553 1824 adparet1)
577 1743 672 1806 codex
695 1743 769 1806 olim
793 1742 976 1806 continebat
998 1743 1055 1806 hos
1078 1742 1189 1806 libros:
1215 1743 1242 1806 1.
1261 1741 1307 1804 ad
1320 1764 1377 1804 oa-

233 1844 335 1908 tiooes
360 1843 441 1907 libri
465 1844 539 1922 dero,
568 1844 597 1909 2.
624 1845 662 1908 de
680 1845 945 1931 praescriptione
968 1846 1213 1923 baereticorum,
1241 1845 1270 1910 3.
1294 1867 1377 1908 scor-

228 1948 335 2032 piace,
366 1949 396 2012 4.
422 1948 461 2011 cte
488 1948 667 2011 testimonio
693 1950 833 2027 animae,
863 1949 893 2014 5.
919 1949 957 2012 de
980 1971 1108 2027 corona,
1140 1949 1170 2013 6.
1195 1949 1234 2012 de
1257 1960 1377 2035 specta-

233 2051 329 2130 culis,
353 2052 382 2116 1.
405 2052 443 2116 de
466 2052 673 2130 idolotatria,
703 2053 734 2119 8.
757 2053 795 2117 de
818 2055 941 2132 asima,
972 2054 1002 2119 9.
1026 2053 1064 2116 de
1087 2053 1245 2131 oratioue,
1271 2053 1320 2118 10.
1338 2053 1378 2116 de

234 2155 326 2219 calta
338 2156 547 2242 feminarum
568 2156 650 2220 iibri
671 2157 745 2235 duo,
771 2158 821 2223 11.
839 2158 884 2221 ad
906 2180 1042 2222 uxorem
1067 2157 1147 2220 libri
1171 2157 1245 2236 dieo,
1271 2157 1321 2222 12.
1339 2157 1377 2221 de

234 2261 455 2324 eoebortatiooe
489 2261 665 2338 castitatis,
706 2261 755 2325 13.
791 2260 830 2324 de
864 2283 962 2325 carae
997 2260 1136 2340 Christi,
1174 2262 1222 2326 14.
1253 2261 1291 2324 de
1321 2284 1377 2347 spe

226 2362 390 2445 fidetium,
416 2364 465 2429 15.
483 2364 521 2427 cte
537 2365 711 2450 paradiso,
737 2365 786 2429 16.
805 2364 844 2428 de
865 2365 1057 2451 cirpiaibas
1079 2364 1245 2443 celandis,
1271 2365 1320 2430 lt.
1339 2365 1377 2428 de

233 2490 331 2531 carce
354 2478 383 2531 et
406 2469 529 2546 animo,
560 2468 608 2534 18.
631 2468 669 2532 de
687 2469 866 2554 patientia,
892 2469 940 2534 19.
964 2469 1001 2533 de
1019 2470 1236 2555 poenitentioe,
1263 2469 1315 2534 20.
1339 2469 1398 2533 de‘

234 2571 362 2636 animae
389 2572 610 2650 submissione,
641 2573 693 2637 21.
719 2573 757 2636 de
779 2574 1011 2659 superstitiosae
1033 2573 1174 2652 saecuti·
1196 2594 1280 2640 nunc
1303 2594 1399 2644 ueros

232 2679 402 2761 posteriore
426 2683 514 2762 parte
538 2680 672 2744 amisssa
696 2680 790 2744 codex
814 2681 929 2744 desinit
951 2681 983 2743 in
1007 2681 1110 2744 medio
1133 2681 1199 2744 fere
1221 2679 1302 2744 libro
1323 2681 1377 2762 qui

234 2786 283 2846 est
317 2784 355 2847 de
390 2802 482 2848 carne
511 2782 629 2848 Christi
663 2782 707 2868 (in
739 2784 845 2848 uerbis
876 2783 933 2847 sed
962 2784 1090 2848 animae
1119 2793 1250 2846 nostrae
1272 2803 1299 2848 c.
1325 2783 1375 2864 10,

232 2906 263 2969 p.
279 2885 354 2968 445,
371 2886 413 2951 20
437 2889 483 2952 ed.
501 2887 623 2952 Oehler.
641 2888 740 2970 mai),
764 2889 809 2952 ita
829 2893 911 2953 utet
930 2890 1022 2953 huius
1038 2889 1111 2953 libri-
1130 2908 1203 2971 pars
1226 2889 1376 2971 posterior

233 2995 265 3054 et
281 2992 397 3074 scripta
411 3010 490 3074 quae
507 2992 718 3074 sequebantur
734 2996 801 3056 octo
818 2993 1043 3073 interciderint,
1068 3014 1085 3057 e
1106 2993 1219 3075 quibus
1241 2995 1375 3074 quinque

235 3093 289 3178 (cte
311 3117 367 3180 spe
382 3094 547 3177 fideliam,
572 3095 610 3159 de
626 3095 801 3181 paradiso,
827 3094 865 3160 de
887 3118 985 3159 carae
1004 3106 1033 3160 et
1048 3097 1168 3172 animo,
1193 3095 1232 3159 de
1247 3096 1376 3158 caim-ae

232 3197 456 3277 submissione,
481 3199 518 3262 de
541 3200 772 3284 superstitione
788 3199 928 3286 saecoli)
954 3203 1046 3285 plane
1069 3203 1263 3266 interierunt.
1298 3220 1376 3282 quae

233 3309 378 3387 superest
400 3305 513 3369 codicis
536 3324 608 3388 pars
633 3310 816 3370 numeratur
839 3307 931 3371 hodie
953 3307 1034 3371 foliis
1059 3307 1201 3370 ducentis
1220 3309 1376 3387 quattuor,

232 3409 287 3472 sed
311 3412 434 3474 exstant
456 3428 566 3474 reuera
586 3411 720 3474 ducenta
736 3412 806 3492 tria,
830 3430 902 3474 cum
918 3411 1085 3474 exciderint
1100 3411 1174 3475 folia
1190 3411 1249 3474 duo
1268 3408 1377 3474 13901

234 3511 296 3576 140
327 3513 399 3597 (hoc
423 3518 471 3579 est
496 3512 534 3576 de
557 3514 668 3576 animo
696 3533 721 3578 c.
743 3513 795 3595 26,
824 3535 854 3598 p.
877 3514 952 3597 344,
973 3513 1087 3579 8—o.
1109 3512 1162 3595 28,
1190 3534 1220 3597 p.
1242 3513 1316 3595 341,
1334 3512 1376 3576 28

232 3617 322 3680 huius
355 3617 523 3702 editionis),
554 3623 625 3701 post
656 3619 676 3682 f.
701 3617 764 3680 170
794 3639 893 3683 unum
925 3623 1025 3684 exstet
1054 3620 1165 3683 folium
1193 3617 1317 3703 (lior)
1344 3620 1376 3682 in

233 3721 479 3786 dinumeratione
503 3724 664 3788 omissum.
702 3741 791 3807 porro
816 3725 878 3788 iam
902 3723 1017 3787 librum
1041 3723 1254 3806 archetypum,
1279 3743 1295 3787 c
1316 3712 1375 3804 quo

232 3823 449 3910 Adescriptus
474 3831 531 3908 est,
555 3828 638 3893 foliis
662 3829 779 3892 euulsis
802 3829 981 3892 mutilatum
1005 3828 1101 3891 fuisse
1120 3831 1209 3910 patet
1224 3846 1240 3889 e
1255 3827 1375 3891 duabus

232 3931 352 3995 lacunis
376 3932 546 3996 maioribus
569 3934 603 3996 in
618 3930 647 3994 A
663 3934 850 4016 conspicuis,
875 3951 1007 4015 quarum
1031 3934 1131 3996 altera
1152 3930 1225 3995 libri
1248 3929 1286 3993 de
1309 3930 1376 3994 ido-

277 4194 296 4262 ¹)
313 4193 503 4263 Inscriptiones
515 4194 646 4248 librorum
660 4193 782 4247 dedimus
796 4198 935 4256 correctas,
953 4210 1005 4246 non
1018 4192 1109 4260 quales
1122 4194 1227 4245 exstant
1238 4192 1266 4244 in
1279 4192 1374 4256 indice,

233 4282 265 4334 da
289 4296 339 4348 quo
363 4279 396 4335 cf.
411 4280 607 4336 Klussmanuus
630 4281 647 4334 l.
667 4297 687 4334 0.
706 4298 731 4350 p.
753 4283 785 4336 12
805 4297 869 4348 sqq,
892 4280 1039 4333 secundum
1062 4295 1140 4347 quem
1162 4282 1189 4331 et
1208 4279 1328 4332 ordinem
1347 4280 1375 4331 in

232 4368 319 4420 indica
338 4367 475 4420 turbatum
495 4369 668 4421 restituimus.
