3200 5034
580 375 656 430 VIII.
675 377 720 430 Do
737 376 905 446 pudicitia
923 380 999 433 5-6.
1297 378 1361 443 229

131 578 132 581 “
218 553 288 615 sinu
318 552 479 634 plaudent,
507 570 570 617 non
601 555 798 635 opponentur
829 552 901 616 huio
923 570 1018 634 quam
1048 553 1246 618 defendimus
1270 554 1362 619 disci-

216 656 330 737 plinae,
369 656 486 721 frustra
508 658 593 721 enim
614 657 664 720 lex
687 660 903 740 suprastructa
926 660 984 738 cst,
1007 658 1142 741 origines
1163 678 1285 741 quoque
1308 661 1361 723 de-

216 762 362 825 lictorum
384 761 415 824 id
438 765 486 826 est
510 761 778 845 concupiscentias
803 765 834 826 et
856 762 1037 827 uoluntates
1061 782 1124 828 non
1147 764 1251 828 minus
1267 782 1361 845 quam

216 866 301 930 facta
330 866 553 952 condemnans,
584 867 610 929 si
639 866 708 931 ideo
738 866 829 930 hodie
861 867 1049 931 concedetur
1076 868 1235 932 moechiae
1258 870 1360 949 uenia,

216 971 290 1051 quia
313 974 354 1034 et¹
367 970 532 1052 aliquando
556 989 705 1035 concessa
728 974 785 1035 est.
810 971 860 1035 oui
883 972 1095 1037 emolumento
1115 972 1207 1037 hodie
1223 973 1360 1056 pleniore
1399 1001 1412 1040 1

216 1075 382 1158 disciplina
411 1078 579 1156 coercetur,
610 1076 672 1139 nisi
702 1078 738 1139 ut
760 1076 878 1139 maiore
905 1076 1037 1141 forsitan
1060 1077 1213 1142 lenocinio
1236 1080 1289 1142 tuo
1313 1078 1361 1142 in·

217 1179 405 1263 dulgeatur?
443 1179 532 1244 dabis
557 1197 630 1264 ergo
653 1182 685 1243 et
700 1179 882 1245 idololatrae
899 1185 930 1245 et
945 1181 1031 1245 omni
1047 1184 1208 1264 apostatae
1223 1182 1360 1264 ueniam,

216 1284 291 1366 quia
312 1287 345 1348 et
367 1285 517 1367 populum
540 1285 645 1366 ipsum
664 1284 780 1349 totiens
794 1303 884 1349 reum
900 1286 1033 1349 istorum
1049 1286 1164 1350 totiens
1181 1287 1359 1351 inuenimus

214 1393 297 1452 retro
312 1389 505 1453 restitutum.
545 1388 791 1453 communicabis
808 1391 840 1452 et
854 1389 1037 1470 homicidae,
1059 1390 1133 1473 quia
1148 1394 1179 1455 et
1194 1390 1360 1456 Nabothae

216 1493 402 1577 sanguinem
424 1493 534 1558 Achab
558 1493 777 1576 deprecatione
800 1493 916 1558 deleuit
940 1497 971 1558 et
993 1494 1096 1559 Dauid
1115 1495 1210 1560 Uriae
1234 1497 1361 1559 eaedem
1388 1522 1412 1560 ιο

215 1616 288 1661 oum
311 1616 406 1661 causa
428 1598 494 1662 eius
517 1598 661 1662 moechia
683 1597 879 1662 confessione
906 1600 1062 1683 purgauit.
1100 1600 1164 1663 iam
1188 1603 1219 1664 et
1241 1601 1361 1664 incesta

215 1702 347 1766 donabis
380 1706 507 1786 propter
538 1702 620 1767 Loth
654 1706 686 1766 et
718 1702 940 1767 fornicationes
974 1721 1047 1767 oum
1080 1704 1199 1768 incesto
1233 1708 1360 1788 propter

214 1807 328 1871 Iudam
351 1811 382 1872 et
403 1810 512 1890 turpes
536 1807 573 1870 de
596 1806 816 1890 prostitutione
840 1808 965 1890 nuptias
985 1811 1112 1891 propter
1129 1807 1219 1889 Osee,
1244 1812 1275 1873 et
1297 1828 1360 1873 non

215 1915 342 1977 tantum
372 1912 596 1995 frequentatas,
627 1931 739 1977 uerum
769 1914 802 1976 et
833 1912 932 1976 semel
961 1913 1078 1994 plures,
1109 1916 1235 1996 propter
1256 1917 1359 1996 patres

215 2017 349 2081 nostros.
386 2017 493 2098 utique
517 2017 601 2081 enim
624 2016 754 2099 dignum
778 2020 826 2080 est
848 2017 1031 2099 peraequari
1051 2035 1134 2081 nuno
1151 2035 1272 2100 quoque
1288 2036 1359 2101 gra-
1387 2044 1411 2084 15

213 2121 294 2185 tiam
316 2122 399 2185 circa
421 2121 525 2185 omnia
547 2124 630 2185 retro
654 2121 786 2201 indulta,
819 2121 846 2183 si
873 2120 911 2184 de
934 2121 1066 2203 pristino
1090 2108 1193 2203 aliquo
1218 2122 1358 2203 exemplo

214 2227 308 2291 uenia
330 2226 491 2290 moechiae
515 2225 701 2290 uindicatur.
740 2224 895 2289 habemus
926 2225 1053 2306 quidem
1084 2230 1115 2290 et
1137 2244 1194 2290 nos
1218 2227 1359 2291 eiusdem

214 2331 382 2395 uetustatis
406 2330 549 2413 exempla
571 2347 626 2413 pro
650 2331 808 2394 sententia
831 2333 938 2395 nostra
961 2348 1023 2394 nou
1047 2330 1139 2395 modo
1156 2348 1219 2394 non
1234 2331 1358 2412 indulti,

214 2454 327 2499 uorum
350 2434 445 2499 etiam
467 2434 695 2517 repraesentati
717 2434 823 2497 iudicii
844 2434 1070 2498 fornicationis.
1109 2438 1141 2499 et
1164 2436 1269 2517 utique
1294 2436 1358 2499 suf-

213 2540 280 2604 ficit
302 2542 426 2603 tantum
449 2559 617 2604 numerum
640 2562 713 2603 xxrv
736 2539 859 2603 milium
881 2539 989 2621 populi
1015 2539 1199 2603 fornicantis
1223 2540 1357 2605 infitias
1384 2566 1411 2605 so

213 2644 342 2708 Madian
358 2662 422 2708 una
436 2644 531 2727 plaga
545 2644 654 2707 ruisse.
694 2643 748 2706 sed
771 2643 854 2707 malo
871 2644 903 2705 in
918 2642 1051 2725 gloriam
1068 2640 1185 2707 Christi
1201 2661 1219 2706 a
1235 2643 1358 2709 Christo

213 2749 366 2813 deducere
389 2748 594 2831 disciplinam.
633 2747 801 2812 habuerint
824 2746 956 2829 pristina
978 2750 1121 2830 tempora
1136 2748 1238 2811 omnis
1254 2749 1358 2831 impu-

213 2853 348 2933 dicitiae,
384 2853 410 2916 si
442 2854 554 2917 uolunt
586 2852 740 2935 psychici,
775 2853 870 2915 etiam
904 2853 1102 2934 potestatem.
1142 2852 1251 2916 luserit
1284 2856 1358 2917 ante

214 2956 376 3023 Christum
399 2975 480 3037 caro,
504 2957 601 3020 immo
624 2956 751 3039 perierit
773 2959 944 3038 antequam
960 2974 979 3019 a
994 2955 1119 3020 domino
1135 2974 1191 3020 suo
1207 2957 1358 3039 requisita

214 3065 275 3126 est:
310 3063 449 3127 nondum
481 3064 547 3125 erat
580 3060 674 3144 digua
704 3061 783 3125 dono
819 3060 940 3139 salutis,
975 3059 1114 3124 nondum
1148 3063 1222 3143 apta
1255 3060 1356 3125 officio
1384 3086 1409 3125 25

213 3166 399 3230 sanctitatis
437 3166 539 3229 adhuc
560 3166 592 3229 in
615 3164 721 3229 Adam
743 3164 952 3247 deputabatur
975 3182 1047 3228 cum
1071 3182 1127 3228 suo
1149 3165 1235 3245 uitio,
1266 3165 1364 3245 facile

212 3270 296 3353 quod
319 3270 496 3353 speciosum
519 3270 642 3334 uiderat
665 3270 887 3352 concupiscens
912 3272 943 3333 et
965 3270 1005 3333 ad
1024 3268 1172 3333 inferiora
1186 3270 1356 3351 respiciens

212 3376 245 3438 et
276 3375 313 3438 de
343 3373 485 3438 ficulneis
514 3374 598 3437 foliis
621 3374 816 3457 pruriginem
839 3374 987 3438 retinens.
1027 3372 1212 3438 inhaerebat
1242 3393 1356 3456 usque-

207 3681 210 3687 .
259 3632 352 3689 lsinu
375 3634 515 3688 oehlerus:
534 3633 622 3687 sinum
640 3634 668 3688 Β
735 3632 997 3702 3eoncupiscentias
1018 3632 1080 3687 Cel:
1099 3632 1313 3701 eoncupiscentia
1329 3633 1357 3687 Β

207 3724 229 3776 ’4
248 3719 448 3773 concedetur-
459 3723 475 3775 5
487 3719 567 3773 hodio
585 3738 635 3776 om.
654 3721 691 3789 B,
709 3721 773 3775 add.
794 3720 846 3774 Get
912 3719 1046 3772 moechiae
1065 3720 1150 3773 Pom:
1167 3719 1288 3772 moechia
1307 3720 1357 3774 ser

212 3806 392 3875 baliquando
415 3809 480 3863 Urs:
502 3806 591 3874 ahqua
617 3808 667 3862 aer
738 3823 785 3860 our
808 3808 859 3863 Urs
929 3805 1033 3874 plenior
1053 3806 1117 3862 Saul
1187 3805 1357 3860 bamaiore

216 3896 343 3950 Ooblcrus
396 3897 411 3949 7
429 3893 585 3947 idololatrae
599 3894 664 3949 ser.-
681 3893 848 3947 idololatriae
865 3895 892 3948 Β
946 3893 1019 3945 omni
1038 3895 1172 3961 apostatae
1187 3893 1251 3947 Cel:
1268 3892 1357 3945 omnia

212 3984 336 4050 apostata
353 3981 381 4035 B
454 3980 560 4034 ueniam
579 3982 642 4035 add.
659 3982 709 4036 Cel
773 3980 931 4048 8quotiens
950 3997 1025 4033 reum
1044 3981 1102 4036 aar
1167 3978 1357 4048 1111111111-

213 4068 316 4122 cationc
329 4070 370 4135 B;
386 4068 415 4120 in
433 4068 483 4122 dcl.
499 4069 549 4122 Cel
603 4070 633 4124 11
653 4071 712 4121 tum
727 4084 835 4121 oausam
852 4070 904 4122 Ura
957 4066 1077 4120 moechia
1092 4067 1155 4121 Cel:
1172 4066 1307 4120 moechiae
1320 4068 1356 4135 B,

212 4155 362 4208 moechiam
376 4156 428 4210 Urs
477 4157 509 4210 14
521 4154 703 4222 frequentatas
715 4154 943 4223 Cetsfrequentas
956 4156 984 4208 Β
1031 4156 1063 4209 21
1077 4153 1186 4207 Madian
1198 4153 1263 4222 una]
1276 4152 1356 4207 Moab

213 4243 285 4295 Pam
350 4244 383 4297 22
405 4240 549 4295 habuerint
568 4242 631 4297 Get:
647 4241 801 4295 habuerunt
818 4243 846 4295 B
915 4243 950 4296 23
969 4243 1030 4293 ante
1049 4240 1187 4295 Christum
1208 4241 1271 4296 ser.-
1288 4240 1356 4293 anti-

213 4328 345 4383 christum
363 4329 391 4383 B
443 4328 565 4384 2511111
585 4328 822 4386 oenanthen
875 4330 909 4386 28
926 4326 1082 4383 inhaerebat
1102 4328 1166 4383 Cel:
1181 4326 1211 4383 in
1228 4326 1311 4383 herba
1329 4328 1357 4385 B
