3200 5034
600 432 632 487 X.
651 433 696 487 De
714 434 822 487 anima
840 435 916 489 4-6.
1269 434 1332 498 305

191 607 278 671 ribus
301 608 505 690 condolescit,
533 613 564 674 et
586 628 698 693 corpus
721 611 858 691 animae,
882 611 932 675 oui
955 610 1097 676 adflictae
1120 627 1193 674 cura
1216 627 1331 694 angore

192 729 298 776 amore
327 714 517 798 coaegrescit
545 733 600 797 per
631 715 856 780 detrimentum
887 715 1007 780 scilicet
1036 714 1153 798 uigoris
1181 714 1331 797 cuiusque

191 817 342 898 pudorem
376 821 407 882 et
440 836 588 901 pauorem
621 819 733 884 rubore
767 824 860 902 atque
893 821 1010 903 pallore
1044 822 1188 884 testetur.
1235 819 1333 902 igitur

192 922 331 984 animam
361 941 473 1006 corpus
503 941 540 987 11
570 925 776 1007 corporalium
798 925 981 1007 passionum
1005 925 1232 989 communione.
1277 924 1332 988 sed

192 1028 224 1089 et
246 1025 438 1110 Chrysippus
462 1046 593 1092 manum
616 1029 644 1091 ei
665 1029 795 1112 porrigit
818 1030 1011 1094 constituens
1035 1029 1205 1113 corporalia
1228 1027 1267 1093 ab
1283 1029 1332 1092 in·
1371 1054 1384 1093 ⁵

191 1131 403 1214 corporalibus
433 1133 606 1216 derelinqui
636 1135 763 1198 omnino
788 1137 855 1198 'non
885 1152 992 1217 posse,
1025 1134 1097 1216 quia
1127 1151 1184 1198 neo
1210 1135 1332 1199 contin-

190 1240 305 1318 gantur
328 1236 367 1300 ab
391 1237 436 1301 eis
467 1235 563 1320 (unde
590 1241 621 1302 et
643 1237 821 1303 Lucretius:
852 1242 1006 1323 tangere
1035 1239 1131 1302 enim
1162 1242 1197 1303 11
1226 1239 1332 1322 tangi

190 1340 264 1403 nisi
291 1358 426 1424 corpus
449 1343 554 1406 nulla
575 1346 702 1425 potest
723 1344 812 1427 res),
843 1344 990 1408 derelicto
1013 1345 1120 1408 autem
1142 1360 1268 1426 corpore
1291 1341 1330 1406 ab

191 1445 297 1510 anima
322 1446 482 1510 hominem
505 1446 588 1511 affici
611 1451 720 1513 morte.
767 1448 862 1531 igitur
885 1465 996 1532 corpus
1019 1448 1139 1528 anima,
1169 1465 1249 1529 quae
1272 1447 1332 1510 nisi

190 1550 357 1632 corporalis
381 1567 492 1633 corpus
515 1569 577 1616 non
600 1551 839 1634 derelinqueret,
863 1552 947 1616 uidet
986 1603 992 1616 .
1359 1575 1384 1614 1⁰

233 1651 363 1719 111111
377 1654 532 1720 Platonici
555 1655 729 1720 subtilitate
751 1657 856 1740 potius
873 1674 968 1739 qnam
983 1657 1115 1720 ueritate
1132 1654 1330 1720 conturbant.

192 1775 296 1839 omne,
319 1759 475 1841 inquiunt,
499 1777 610 1843 corpus
634 1763 689 1824 aut
711 1761 847 1825 animale
871 1761 912 1825 sit
934 1779 1062 1826 necesse
1086 1764 1133 1825 est
1155 1763 1209 1825 aut
1231 1761 1332 1824 inani-

190 1863 282 1926 male.
329 1867 362 1928 et
384 1864 411 1928 si
433 1864 560 1945 quidem
582 1864 752 1929 inanimale
775 1869 838 1946 est,
870 1866 1059 1930 extrinsecus
1083 1864 1274 1945 monebitur,
1305 1865 1332 1928 si

189 1967 434 2050 uero'animalo,
465 1968 664 2033 intrinsecus
712 1969 819 2034 anima
841 1973 946 2035 autem
969 1988 1027 2034 nee
1050 1969 1241 2034 extrinsecus
1264 1986 1331 2032 mo·

189 2071 326 2153 rebitur,
353 2076 491 2155 atquae
514 2091 577 2138 non
600 2074 641 2137 sit
663 2074 854 2154 inanimalia,
885 2092 942 2139 nec
964 2074 1163 2154 intrinsecus,
1193 2077 1229 2137 ut
1251 2091 1330 2155 qnae
1359 2097 1382 2137 11

189 2177 259 2258 ipsa
287 2177 390 2260 potius
420 2180 548 2242 moueat
579 2195 700 2260 corpus.
746 2178 854 2261 itaque
884 2195 946 2242 non
976 2178 1076 2243 uideri
1096 2196 1177 2262 eam
1207 2195 1330 2261 corpus,

188 2298 268 2361 qnae
296 2300 359 2345 non
382 2282 590 2364 corporalium
612 2282 714 2347 forma
737 2301 773 2347 ex
796 2283 901 2366 aliqua
922 2283 1049 2367 regione
1072 2285 1245 2347 moueatur.
1292 2282 1330 2345 ad

188 2385 247 2448 hoo
263 2404 319 2450 nos
336 2385 520 2450 mirabimur
534 2387 805 2471 incongruentiam
816 2387 915 2470 primo
932 2386 1119 2451 definitionis
1131 2386 1329 2471 prouocantis

187 2490 228 2552 ad
244 2507 376 2572 eaquae
395 2490 428 2555 in
447 2491 587 2555 animam
608 2509 670 2556 111
691 2492 890 2556 conueniunt.
922 2508 984 2556 non
1006 2491 1089 2555 enirn
1105 2495 1210 2575 potest
1225 2491 1331 2555 anima

188 2593 324 2658 animale
355 2612 466 2678 corpus
497 2595 556 2659 dici
587 2599 646 2660 aut.
670 2596 855 2677 inanimale,
892 2614 964 2660 oum
994 2596 1063 2679 ipsa
1094 2596 1136 2660 sit
1165 2613 1245 2677 quae
1276 2598 1331 2658 aut
1357 2620 1383 2659 ro

187 2700 285 2764 faciat
307 2717 418 2783 corpus
442 2702 588 2782 animala,
613 2703 639 2765 si
663 2702 753 2782 adsit,
777 2706 832 2766 aut
854 2702 1033 2782 inanimale,
1057 2701 1084 2765 si
1107 2701 1191 2765 absit
1210 2700 1249 2764 ab
1265 2700 1329 2764 illo.

187 2804 295 2886 itaque
318 2805 400 2887 qnod
422 2805 499 2870 facit
520 2824 583 2871 non
605 2809 710 2889 potest
732 2826 800 2871 1111
824 2807 902 2890 ipsa,
926 2810 963 2871 ut
986 2807 1105 2870 dicatur
1129 2806 1263 2870 animale
1279 2804 1330 2868 uel

185 2910 364 2974 inanimale.
433 2911 539 2975 anima
573 2912 657 2974 enirn
697 2912 810 2976 dieitur
845 2909 1041 2976 substantiae
1080 2929 1155 2975 1111
1193 2910 1328 2974 nomine.

186 3014 298 3096 quodsi
320 3033 382 3078 non
406 3015 490 3097 capit
512 3016 647 3080 animale
671 3032 782 3097 corpus
807 3015 867 3080 dici
890 3020 944 3081 aut
965 3015 1150 3096 inanimale,
1178 3014 1261 3097 quod
1284 3017 1331 3077 111

187 3120 307 3199 anima,
338 3120 492 3201 quomodo
522 3120 741 3203 prouocabitur
771 3121 810 3184 ad
841 3121 1025 3186 animalium
1056 3123 1088 3184 et
1111 3119 1331 3184 inanimalium
1356 3143 1383 3181 25

186 3241 352 3306 corporum
374 3224 531 3288 formam?
578 3223 688 3288 dehinc
711 3226 737 3289 11
761 3225 898 3307 corporis
922 3227 971 3289 est
992 3224 1112 3289 moueri
1137 3223 1329 3288 extrinsecus

187 3327 227 3392 ab
251 3328 365 3411 aliquo,
389 3328 583 3392 ostendimus
607 3331 713 3393 autem
737 3347 832 3412 supra
854 3329 974 3394 moueri
997 3329 1136 3393 animam
1157 3332 1189 3392 et
1205 3328 1242 3392 ab
1260 3328 1328 3407 alio,

187 3451 261 3495 curn
283 3433 484 3513 uaticinatur,
516 3451 588 3496 cnm
611 3433 700 3513 furit,
731 3434 839 3515 ntique
864 3434 1069 3514 extrinsecus,
1100 3433 1173 3514 qnia
1196 3431 1234 3495 ab
1259 3431 1329 3511 alio,

186 3537 299 3601 merito
331 3538 412 3620 quod
438 3538 616 3602 monebitur
639 3538 830 3601 extrinsecus
854 3537 892 3602 ab
917 3537 977 3602 alio
1001 3537 1173 3601 secundum
1197 3534 1330 3618 exempli

292 3667 319 3736 5]
340 3666 373 3720 ci.
387 3666 527 3720 Nemesius
545 3665 563 3721 l.
577 3683 598 3721 o.
612 3683 638 3735 p.
651 3669 686 3721 34
703 3666 745 3735 (81
766 3667 882 3734 blatta).
936 3667 964 3736 7]
983 3666 1159 3721 Lnor.1304.

230 3781 247 3835 2
265 3780 427 3849 coaegrescit
445 3781 515 3835 Lat:
532 3780 696 3834 cobaerescit
714 3781 741 3834 Β
794 3779 898 3834 scilicet
919 3782 985 3836 Urs:
1006 3779 1070 3834 socii
1088 3781 1116 3832 et
1133 3779 1169 3847 B,
1187 3777 1251 3831 11111
1271 3779 1329 3847 der,

187 3867 271 3920 saucii
288 3868 433 3923 Hartcliue
487 3867 614 3935 cuiusque
632 3868 745 3937 scripsi:
763 3867 838 3920 ouius
856 3869 884 3921 Β
937 3869 1098 3936 3pauorem
1113 3866 1176 3921 oet.-
1193 3880 1290 3934 panore
1303 3867 1330 3920 Β

185 3957 204 4009 4
222 3954 339 4008 animam
357 3956 467 4024 scripsi:
486 3955 576 4008 anima
588 3956 615 4009 Β
667 3957 684 4009 9
703 3955 839 4008 hominem
857 3955 970 4021 addidi3
988 3969 1082 4022 corpus
1101 3959 1185 4007 111111
1202 3953 1329 4022 soopplen-

186 4043 252 4097 dum
274 4049 360 4097 censet
382 4043 526 4098 Hartelias
597 4057 663 4110 quae
685 4041 737 4095 nisi
759 4041 904 4110 corporalis
925 4041 988 4096 oet:
1009 4055 1089 4108 quarn
1113 4039 1134 4092 si
1154 4038 1283 4108 corporali
1302 4041 1329 4094 Β

188 4131 221 4184 10
240 4128 441 4196 derelinqueret,
465 4128 572 4182 uidetur
590 4130 702 4198 scripsi:
724 4127 896 4196 derelinquet.
920 4127 1053 4181 Videntur
1070 4128 1106 4194 B,
1135 4127 1329 4195 derelinqueret

188 4216 247 4283 Get,
266 4215 447 4284 derelinquere
465 4215 602 4268 uideretur
620 4217 764 4271 Hartelios
842 4219 871 4270 ll
891 4214 1025 4268 Platonici
1046 4215 1109 4268 Get:
1132 4214 1278 4268 Platonicis
1301 4215 1329 4268 B

185 4305 218 4358 21
240 4303 262 4355 11
281 4303 359 4367 adsit,
378 4305 425 4355 aut
442 4302 586 4356 inanimale
604 4304 668 4357 odd.
685 4304 735 4357 cet
788 4305 822 4358 28
841 4303 903 4370 quia
919 4302 1058 4356 0111111111.-
1076 4301 1122 4369 qui
1140 4302 1175 4366 Β,
1195 4317 1255 4355 cum
1271 4302 1328 4366 Get,

185 4391 246 4458 qnis
270 4391 397 4458 11111111.
416 4392 472 4445 Iron

237 4486 281 4526 XX.
291 4485 348 4526 'l'ert
360 4486 376 4524 Ι,
1140 4481 1173 4526 20
