3200 5034
303 424 367 485 322
531 423 644 487 Quinti
663 422 803 490 Septimi
822 421 988 475 Florentia
1008 419 1208 473 Tertulliani

300 598 414 662 tionale
438 598 521 662 dicat
543 599 632 661 utin
657 597 762 661 anima
784 598 834 661 dei
856 597 964 679 ipsius,
996 596 1021 659 si
1053 615 1109 659 nos
1138 595 1233 659 etiam
1257 594 1432 657 inrationale

300 705 430 766 naturae
453 702 722 785 adscripserimus,
747 719 841 782 quarn
865 718 883 764 9
907 700 963 763 deo
988 699 1094 763 anima
1117 703 1222 763 nostra
1250 698 1360 761 sortita
1381 703 1432 777 est,

300 825 398 887 aeque
429 806 613 870 inrationale
637 806 674 869 de
698 806 755 869 dee
786 806 854 884 erit,
885 808 992 887 utpote
1023 804 1177 883 naturale,
1208 803 1282 885 quia
1312 805 1432 865 naturae

300 910 376 974 deus
400 913 507 974 auctor
530 913 588 974 est.
614 911 668 973 sed
697 910 781 973 euim
805 929 824 972 a
846 909 970 973 diabolo
1000 907 1141 972 inmissio
1170 906 1283 986 delicti,
1313 906 1433 970 inratio-

261 1039 274 1078 9
299 1015 370 1077 9919
393 1017 500 1077 991919
522 1032 615 1078 99199
639 1013 798 1094 delictum,
821 1013 917 1096 igitur
940 1031 958 1076 a
978 1012 1100 1076 diabolo
1120 1012 1317 1090 inrationale,
1340 1028 1356 1074 a
1377 1027 1433 1090 quo

300 1122 331 1182 et
353 1119 513 1198 delictum,
545 1122 729 1182 extraneum
752 1135 771 1181 a
794 1118 862 1196 deo,
886 1135 904 1180 9
926 1135 987 1198 quo
1011 1120 1060 1180 991
1081 1116 1266 1180 inrationale
1295 1115 1431 1178 alienum.

261 1238 264 1244 ·
300 1222 429 1304 proinde
453 1222 556 1286 delicti
572 1242 613 1282 aa
631 1223 796 1286 diuersitas
812 1221 924 1285 horum
941 1240 977 1285 ex
994 1221 1144 1285 distantia
1160 1223 1331 1284 anctorum.
1367 1237 1433 1302 pro-

300 1327 372 1390 inde
395 1345 467 1390 curn
490 1326 580 1390 Plato
613 1326 670 1389 soli
694 1327 750 1389 deo
775 1343 944 1409 segregans
968 1325 1119 1388 rationale
1143 1325 1203 1388 duo
1231 1341 1344 1407 genera
1365 1322 1433 1386 sub-

300 1430 411 1494 diuidit
433 1450 469 1494 ex
492 1431 679 1510 inrationali,
707 1429 950 1512 indignatiuurn,
982 1430 1064 1511 quod
1088 1428 1248 1512 appellant
1267 1430 1382 1504 θυμικόν,
1406 1431 1434 1489 91

248 1560 274 1598 10
300 1535 619 1618 coucupiscentiuum,
640 1532 644 1619 1
665 1535 747 1616 quod
777 1537 892 1597 uocant
916 1535 1114 1616 ἐπιθυμητικόν,
1147 1535 1183 1596 91
1212 1532 1288 1596 illud
1316 1532 1502 1613 9911991119

300 1658 465 1703 9919111999
490 1641 530 1703 911
553 1638 643 1703 uobis
667 1638 981 1717 9119991199,191911
1005 1655 1079 1701 nero
1103 1656 1175 1700 curu
1199 1636 1324 1715 muscis,
1347 1635 1434 1699 ratio-

300 1745 371 1807 nale
394 1762 484 1825 pcrro
508 1762 580 1807 curn
603 1743 670 1822 deo,
701 1742 792 1806 uideo
817 1745 849 1807 et
872 1742 909 1804 de
932 1742 990 1807 hoc
1013 1741 1092 1806 mihi
1116 1761 1185 1805 osse
1208 1740 1432 1804 retractandum

300 1851 427 1930 propter
457 1866 494 1910 ea
524 1864 603 1928 quae
633 1846 814 1911 1901111919
845 1846 1129 1928 deprehenduntur.
1169 1864 1241 1909 9999
1272 1845 1353 1908 enim
1368 1847 1433 1907 ι1919

300 1952 376 2015 haec
400 1952 523 2015 trinitas
548 1954 579 2014 91
601 1951 633 2014 19
657 1951 792 2030 domino,
825 1954 856 2014 et
878 1951 1041 2030 rationale,
1073 1968 1132 2032 quo
1164 1950 1262 2030 docet,
1294 1967 1351 2030 quo
1377 1949 1433 2011 dis-

249 2080 274 2118 19
301 2057 386 2136 99111,
410 2074 471 2138 quo
495 2056 606 2120 salutis
629 2055 697 2118 uias
720 2055 843 2135 sternit,
875 2058 906 2118 91
928 2055 1170 2138 indignatiuum,
1202 2073 1263 2136 quo
1286 2053 1433 2117 inuehitur

301 2162 334 2225 in
357 2160 475 2224 scribas
499 2164 531 2224 et
545 2159 741 2240 Pharisaeos,
765 2163 796 2223 et
819 2159 1139 2242 concupiscentiuum,
1162 2177 1222 2241 qno
1238 2159 1354 2241 pascha
1368 2177 1432 2220 curn

302 2265 460 2347 discipulis
484 2265 549 2328 suis
574 2265 664 2328 edere
687 2265 886 2347 concupiscit.
925 2265 1019 2347 igitur
1047 2264 1129 2346 apud
1152 2282 1209 2328 nos
1232 2282 1295 2328 nou
1319 2281 1432 2346 semper

302 2386 338 2429 91
361 2367 539 2433 inrationali
562 2369 720 2432 censenda
735 2372 810 2432 suut
824 2369 1057 2452 indignatiuum
1072 2372 1103 2432 et
1122 2368 1432 2451 concupiscentiuum,

301 2489 379 2551 quae
403 2473 480 2536 certi
503 2491 612 2536 999199
636 2473 668 2536 19
692 2473 817 2538 domiuo
833 2474 1025 2538 rationaliter
1041 2473 1264 2537 decucurrisse.
1300 2472 1432 2554 indigna-

248 2601 273 2638 99
301 2574 384 2639 191191
414 2576 489 2639 deus
520 2577 723 2656 rationaliter,
754 2576 868 2658 quibus
899 2577 1016 2641 scilicet
1047 2577 1150 2657 debet,
1182 2581 1214 2640 et
1244 2576 1431 2658 concupiscet

300 2679 376 2743 deus
399 2680 602 2760 rationaliter,
626 2698 706 2761 quae
730 2680 826 2764 digna
849 2685 922 2745 sunt
944 2683 1021 2764 ipsc.
1061 2699 1134 2745 uam
1152 2685 1183 2745 et
1199 2682 1283 2746 111919
1299 2681 1432 2762 indigua-

298 2781 384 2846 bitur
407 2787 438 2847 et
459 2782 542 2847 bono
565 2784 763 2867 concupiscet
786 2786 931 2849 99191919.
963 2785 1017 2848 dat
1038 2788 1069 2849 et
1085 2785 1245 2867 apostolus
1261 2784 1352 2848 nobis
1368 2801 1432 2846 con·

300 2888 533 2967 cupiscentiam.
572 2889 603 2951 si
634 2889 716 2970 quis
740 2889 997 2971 episcopatum
1024 2889 1276 2971 concupiscit,
1307 2887 1430 2952 bonum

300 3009 390 3072 opus
422 2993 666 3074 concupiscit.
706 2994 761 3057 sed
782 2993 902 3057 bonum
926 3011 1003 3076 opus
1027 2993 1132 3056 diceus
1155 2993 1342 3057 rationalem
1368 3009 1432 3054 con-

248 3120 273 3158 19
301 3095 526 3177 cupiscentiam
542 3097 686 3161 ostendit.
719 3098 862 3161 concedit
878 3100 909 3161 et
925 3097 1183 3181 indignationem.
1213 3097 1331 3178 quidni,
1347 3113 1431 3177 quarn

301 3198 421 3280 etipse
444 3201 602 3283 suscepit?
626 3200 770 3265 utinam
794 3203 830 3264 91
853 3201 1134 3284 praecidantur,
1158 3201 1269 3282 inquit,
1293 3200 1432 3282 quinos

302 3301 537 3368 subuertunt.
574 3305 736 3370 rationalis
760 3309 809 3369 est
830 3306 1013 3390 indignatio,
1044 3323 1121 3387 quae
1146 3323 1182 3368 91
1205 3305 1320 3368 affectu
1350 3304 1432 3366 disci-

301 3408 403 3489 plinae
432 3412 488 3472 est.
528 3412 655 3472 919991
678 3410 765 3474 dicit:
797 3410 938 3474 fuimus
970 3410 1170 3492 aliquando
1201 3412 1337 3472 natura
1364 3407 1432 3472 filii

300 3512 391 3591 irae,
421 3513 606 3576 inrationale
630 3514 860 3596 indignatiuum
885 3515 1044 3598 suggillat,
1075 3514 1156 3596 quod
1189 3515 1316 3578 nonsit
1347 3533 1380 3576 91
1400 3529 1432 3574 99

405 3727 450 3796 99]
470 3731 483 3784 1
499 3728 646 3793 911191.
700 3728 746 3798 99]
766 3728 824 3784 cu.
838 3732 863 3793 5,
878 3731 917 3785 19.
972 3728 1016 3798 99]
1035 3728 1102 3798 upa.
1115 3731 1140 3797 a,
1153 3732 1177 3785 3.

348 3930 412 3982 lut
429 3930 492 3996 sort.
512 3928 654 3982 delendam
717 3905 975 3982 ‘dedseribimusA
1036 3928 1130 3981 sortita
1148 3931 1174 3980 st
1192 3929 1219 3981 A
1281 3928 1431 3995 391119119-

302 4020 379 4069 111199
398 4034 447 4071 cao.
467 4018 494 4068 A
556 4014 701 4083 tproinde
719 4016 768 4070 del.
788 4017 845 4070 Iaa
899 4015 990 4069 delicti
1008 4016 1056 4070 del.
1079 4015 1128 4071 Gel
1187 4017 1314 4070 lacunam
1332 4013 1432 4085 cippati

303 4107 319 4157 8
338 4102 461 4155 1911911911
480 4120 493 4156 9
511 4102 639 4154 rationale
658 4120 725 4157 corr.
744 4104 772 4156 A
835 4107 850 4156 o
869 4103 1007 4170 thymicou
1026 4103 1052 4156 A
1119 4104 1151 4158 10
1171 4102 1255 4155 *illud
1273 4103 1300 4156 A
1365 4103 1394 4155 14
1410 4102 1432 4150 91

300 4192 436 4258 posteritas
454 4208 505 4243 cm.
519 4190 546 4242 A
607 4191 689 4258 prius
707 4205 759 4256 qno
777 4190 847 4259 Rip:
865 4205 931 4257 quae
949 4190 1005 4243 AB
1077 4190 1110 4244 16
1128 4193 1156 4242 91
1169 4191 1308 4258 posterius
1326 4189 1373 4242 del.
1384 4187 1433 4254 Rip

304 4279 336 4331 19
355 4277 420 4329 certi
439 4293 530 4328 91119119
549 4277 585 4343 Β,
603 4277 767 4329 991119919199
786 4277 813 4329 A
879 4276 944 4329 919111
963 4279 990 4330 A
1055 4279 1089 4331 24
1107 4276 1153 4329 sed
1172 4279 1208 4340 Β,
1232 4278 1258 4328 91
1275 4277 1303 4330 A
1363 4276 1393 4329 25
1410 4275 1433 4324 91

303 4381 353 4418 om.
373 4365 400 4416 A
453 4365 486 4417 27
505 4365 546 4415 991
563 4365 599 4428 Β,
617 4366 645 4415 91
662 4364 689 4416 A
742 4367 776 4419 29
795 4363 913 4431 suggilat
931 4364 959 4418 A
