3200 5034
595 468 641 523 VI.
660 468 705 521 De
723 468 873 522 oratione
890 470 932 524 22.
1277 468 1339 533 195

199 646 345 708 naturam
371 644 474 725 ipsam
501 644 611 708 docere
635 645 806 709 uelandum
829 644 953 709 feminis
977 663 1060 725 esse,
1088 662 1167 726 quae
1191 644 1339 727 capillum

197 766 254 830 pro
274 751 455 831 tegumento
476 752 508 812 ct
526 752 709 814 ornamento
729 750 912 814 mulieribus
933 750 1109 832 assignarit,
1134 768 1236 813 nonne
1256 749 1340 814 idem

199 855 419 936 tegumentum
440 856 472 917 et
491 853 575 917 idem
590 854 688 918 honor
703 854 815 935 capitis
832 853 1005 937 uirginibus
1025 870 1147 936 quoque
1164 853 1339 937 adscriptus

199 959 267 1020 cst?
313 957 339 1020 si
361 957 486 1022 mulieri
508 961 598 1041 turpe
621 963 670 1022 est
691 959 769 1038 radi,
797 962 829 1022 et
852 958 967 1042 uirgini
989 958 1125 1041 perinde.
1171 958 1203 1022 in
1227 959 1339 1040 quibus

199 1079 273 1144 ergo
296 1079 360 1125 una
381 1062 518 1126 condicio
542 1062 653 1145 capitis
681 1063 862 1145 deputatur,
890 1080 953 1126 nna
981 1066 1012 1126 at
1039 1062 1204 1145 disciplina
1231 1064 1339 1145 capitis
1379 1089 1391 1125 ⁵

199 1166 342 1247 exigitur,
364 1167 459 1230 etiam
480 1167 591 1231 adeas
611 1167 760 1250 uirgines,
782 1186 861 1250 quas
880 1167 1014 1250 pueritia
1033 1167 1183 1241 defendit;
1208 1168 1340 1249 aprimo

199 1270 285 1334 enim
313 1270 431 1335 femina
462 1272 623 1336 nominata
652 1275 709 1336 est.
759 1273 805 1336 sic
832 1272 965 1353 denique
997 1275 1029 1335 et
1058 1271 1156 1335 Israel
1184 1270 1340 1335 obseruat.

199 1375 254 1437 scd
277 1374 388 1439 sinon
412 1376 603 1456 obseruaret,
631 1379 739 1440 nostra
760 1376 806 1439 lex
831 1375 979 1457 ampliata
1003 1378 1094 1457 atquc
1123 1375 1266 1457 suppleta
1289 1376 1341 1438 de-

199 1479 343 1544 fenderet
372 1478 432 1544 sibi
464 1481 680 1545 adiectionem.
740 1481 914 1564 uirginibus
945 1498 1065 1562 quoque
1097 1480 1226 1543 inicians
1256 1481 1342 1543 nela-

198 1587 344 1647 mentnm
372 1588 545 1649 excusetur.
595 1603 679 1649 nunc
707 1588 807 1665 aetas,
839 1603 918 1666 quae
950 1604 1058 1648 sexum
1088 1604 1181 1648 suum
1208 1585 1340 1667 ignorat,
1370 1612 1392 1649 ιο

199 1687 410 1770 simplicitatis
439 1689 641 1772 priuilegium
671 1692 784 1753 teneat.
833 1706 906 1752 nam
935 1691 966 1752 et
988 1689 1055 1752 llna
1084 1691 1116 1753 et
1137 1687 1256 1769 Adam,
1287 1688 1342 1751 ubi

200 1793 244 1856 eis
274 1793 406 1876 contigit
434 1812 557 1877 sapere,
588 1797 740 1858 texerunt·
763 1795 870 1857 statim
898 1793 980 1875 quod
1009 1797 1213 1877 agnouerant.
1259 1796 1341 1857 certe

198 1896 233 1959 in
260 1896 374 1978 quibus
400 1898 464 1961 iam
490 1899 624 1981 pueritia
650 1898 801 1978 mutauit,
832 1899 912 1961 sicut
942 1902 1086 1977 naturae,
1117 1898 1161 1961 ita
1192 1901 1224 1961 ot
1251 1897 1342 1960 disci-

198 2000 304 2081 plinae
327 2001 420 2065 debet
443 2005 529 2066 aetas
553 2021 621 2066 esse
645 2002 804 2066 munifica.
850 2020 923 2066 nam
951 2005 982 2065 et
1006 2002 1156 2066 membris
1180 2004 1211 2064 et
1234 2000 1341 2064 officiis

199 2104 385 2168 mulieribus
407 2106 617 2189 resignantur.
663 2107 750 2169 nulla
771 2106 861 2189 uirgo
885 2109 933 2169 est
955 2125 991 2169 ex
1012 2123 1072 2187 qno
1093 2108 1196 2188 potest
1215 2105 1342 2185 nubere,
1370 2132 1393 2170 15

199 2209 350 2290 quoniam
379 2213 466 2274 aetas
497 2211 561 2274 iam
590 2212 623 2274 in
654 2229 691 2275 ea
720 2211 828 2293 nupsit
858 2228 914 2274 suo
945 2210 1026 2290 niro,
1060 2210 1092 2272 id
1122 2212 1171 2273 est
1199 2209 1341 2291 tempori.

199 2313 256 2376 sed
278 2313 384 2395 aliqua
406 2334 440 2379 se
463 2315 520 2379 deo
542 2316 640 2379 uouit.
686 2319 794 2379 tamen
818 2319 849 2379 et
871 2315 988 2378 crinem
1012 2314 1120 2378 exinde
1141 2314 1344 2396 transfigurat

200 2420 233 2481 et
259 2435 385 2482 omnem
413 2418 557 2483 habitum
585 2420 624 2483 ad
651 2420 790 2483 mulieris
819 2420 981 2483 conuert't.
1026 2422 1128 2482 totum
1158 2436 1230 2500 ergo
1258 2435 1343 2481 asse-

199 2526 289 2587 neret
309 2526 341 2586 et
361 2526 463 2587 totum
483 2523 615 2607 uirginis
634 2527 789 2605 praestet:
814 2523 896 2604 qnod
915 2526 1040 2605 propter
1059 2523 1154 2585 deum
1172 2521 1342 2601 abscondit,

200 2628 292 2708 plene
319 2626 497 2692 obumbret.
545 2628 677 2693 interest
699 2631 821 2708 nostra,
852 2627 934 2709 quod
958 2627 1006 2690 dei
1029 2628 1129 2710 gratia
1157 2629 1343 2705 exerceatur,
1370 2653 1395 2690 20

200 2731 299 2795 solius
322 2733 372 2795 dei
394 2733 601 2797 conscientiae
625 2733 854 2812 commendare,
879 2750 928 2812 ne,
952 2732 1034 2814 quod
1054 2750 1072 2795 a
1092 2732 1148 2795 deo
1172 2749 1343 2813 speramus,

201 2833 241 2898 ab
265 2836 391 2900 homine
414 2855 663 2919 compensemus.
707 2837 781 2918 quid
801 2835 940 2899 denudas
965 2838 1037 2899 ante
1058 2836 1151 2899 deum
1171 2834 1251 2916 quod
1272 2837 1343 2898 ante

200 2939 346 3004 hominos
369 2941 472 3024 tegis?
509 2942 712 3005 uerecundior
732 2942 792 3005 eris
815 2942 846 3004 in
870 2938 994 3024 publico
1019 2958 1113 3021 quam
1135 2940 1168 3003 in
1192 2939 1344 3003 ecclesia?

201 3044 228 3107 si
248 3043 298 3107 dei
312 3046 415 3127 gratia
430 3048 488 3126 est,
509 3050 542 3110 et
561 3047 756 3129 accepisti,
782 3044 870 3127 quid
890 3044 1083 3128 gloriarm,
1104 3044 1215 3125 inquit,
1240 3043 1345 3125 quasi

201 3166 273 3212 non
308 3150 518 3232 acceperis?
578 3151 653 3233 quid
683 3151 760 3214 alias
791 3150 998 3213 ostentatione
1030 3149 1076 3213 tui
1108 3149 1249 3212 iudicas?
1306 3166 1345 3212 an
1371 3175 1396 3213 25

201 3253 279 3317 alias
307 3254 407 3337 gloria
434 3257 489 3317 tua
516 3255 556 3318 ad
577 3254 695 3319 bonum
723 3254 861 3318 inuitas?
908 3254 990 3335 atqui
1019 3255 1050 3316 et
1071 3253 1140 3335 ipsa
1161 3252 1345 3335 periclitaris

202 3358 357 3439 amittere,
381 3359 408 3422 si
430 3360 582 3443 gloriaris,
607 3363 638 3423 et
661 3360 737 3423 alias
761 3360 799 3423 ad
824 3358 932 3423 eadem
955 3358 1093 3440 pericula
1116 3359 1209 3440 cogis.
1254 3357 1345 3420 facile

307 3637 354 3707 21]
373 3636 407 3691 cf.
422 3640 435 3693 1
449 3636 508 3692 Cor.
523 3638 563 3700 11,
578 3638 618 3691 14.
685 3636 731 3705 24]
752 3638 765 3691 1
786 3635 845 3690 Cor.
859 3637 883 3698 4,
897 3638 921 3689 7.

249 3897 396 3954 lfcminas
414 3897 541 3953 uelandas
560 3898 732 3953 Mmatooa'uo
803 3896 969 3964 3ascriptus
989 3897 1018 3950 D
1087 3895 1230 3963 lperinde
1248 3897 1346 3949 Mucc-

201 3987 305 4041 torius:
321 3984 432 4053 proinde
451 3986 481 4040 D
534 3986 565 4039 11
586 4001 636 4055 pua
654 3985 684 4038 D
737 3986 769 4039 12
788 3985 929 4036 texuerunt
947 3983 1118 4037 Murotccios
1172 3984 1205 4036 13
1222 3981 1276 4034 iam
1295 4000 1344 4037 om.

201 4074 379 4128 Macotcriaa
433 4075 464 4128 17
482 4071 585 4140 tamen]
605 4071 658 4124 iam
672 4072 845 4125 Maratomus
899 4072 931 4125 18
944 4069 1067 4122 mulieres
1080 4069 1109 4121 D
1122 4086 1188 4123 corr.
1239 4070 1270 4124 19
1286 4084 1346 4137 pre-

202 4163 259 4214 stet
276 4161 306 4214 D
358 4162 393 4215 20
410 4159 489 4227 plane
507 4160 683 4213 Muratorias
741 4159 891 4210 exerceatur
908 4158 1020 4225 ampsi:
1038 4157 1156 4208 exerceat
1174 4156 1211 4223 D,
1229 4172 1346 4208 exercea-

202 4264 265 4302 mus
282 4265 303 4302 ω
354 4249 389 4301 23
407 4246 502 4317 eclesia
519 4248 549 4300 D
600 4248 634 4301 25
653 4262 687 4298 no
704 4246 813 4301 Dcorr.
868 4243 1042 4297 ostentatione
1056 4244 1243 4298 erctortaa:
1259 4246 1346 4296 osten-

202 4336 276 4389 tione
299 4335 337 4401 D,
364 4333 513 4386 ostensione
540 4333 665 4388 Oeltlcrac
735 4335 769 4387 27
793 4331 916 4384 amittere
939 4332 1127 4386 Muratoraas:
1155 4331 1295 4384 admittere
1318 4332 1347 4384 D

203 4421 298 4475 eadem
317 4421 505 4476 Macatoniae:
522 4419 581 4474 eide
598 4422 627 4474 D
679 4418 798 4488 pericula
816 4419 1003 4474 eratorios:
1020 4418 1145 4486 periculis
1164 4419 1193 4471 D

1143 4503 1190 4557 13*
