3200 5034
542 440 593 494 Ill.
613 440 660 493 Ad
679 440 830 493 nationes
848 438 1025 494 lih.13-4.
1313 438 1356 502 63

209 615 291 680 haec
313 614 546 702 uocalhulorum
569 619 625 680 aut
647 615 812 680 nominum
835 615 976 696 crimina,
1003 613 1095 679 sicuti
1116 613 1285 678 uerborum
1307 616 1356 678 at

210 738 274 801 que
297 739 479 786 sermonum
500 718 726 807 harbalrismus
754 723 803 784 est
829 720 943 784 uitium
970 723 1002 784 et
1028 718 1231 784 soloecismus
1255 721 1286 783 et
1307 718 1356 783 iu-

210 825 326 890 sulsior
348 825 457 910 figura.
498 823 714 890 Christianum
733 821 737 908 Ι
757 843 833 888 uero
848 842 975 904 nomen,
1000 826 1154 906 quantum
1169 821 1356 906 significatio

211 931 272 1010 est,
302 930 340 994 de
367 930 515 994 unctione
545 929 779 1012 interpretatur.
810 927 814 1011 Ι
846 929 942 993 etiam
964 947 1036 992 cum
1059 931 1202 1012 corrupte
1225 945 1244 990 a
1265 925 1355 992 uobis

211 1033 390 1098 Chrestiani
405 1035 644 1118 pronuntiamur
660 1033 748 1117 (nam
765 1053 805 1098 ne
820 1030 966 1118 nolminis
982 1034 1107 1115 quidem
1123 1032 1222 1114 ipsius
1237 1031 1355 1113 liquido
1395 1055 1408 1096 5

209 1139 291 1202 certi
318 1139 417 1223 estis),
446 1139 491 1203 sie
517 1157 640 1221 quoque
669 1139 707 1203 de
730 1137 889 1204 suauitate
912 1139 964 1202 uel
986 1135 1136 1222 honiltate
1159 1136 1356 1200 modulatum

211 1246 272 1307 est.
326 1244 471 1308 detinetis
494 1244 591 1327 igitur
612 1244 646 1306 in
668 1242 849 1307 hominihus
872 1242 1006 1306 innoxiis
1030 1242 1126 1305 etiam
1145 1240 1150 1321 Ι
1170 1259 1285 1306 nomen
1308 1240 1356 1304 in-

209 1347 340 1412 noxium
356 1351 510 1429 nostrum,
526 1365 589 1412 non
604 1348 839 1412 incommodum
855 1348 991 1431 linguae,
1014 1364 1078 1410 non
1093 1345 1221 1410 auribus
1242 1341 1247 1430 Ι
1266 1363 1356 1428 aspe-
1449 1411 1451 1415 ,

208 1470 295 1533 rum,
322 1469 385 1518 non
407 1452 528 1517 homini
550 1453 681 1532 malum,
709 1470 772 1516 nou
794 1451 916 1534 patriae
938 1451 1100 1531 infestum,
1127 1450 1182 1514 sed
1205 1453 1237 1513 et
1259 1447 1356 1514 Grae-

208 1574 287 1620 cum
305 1553 309 1641 Ι
330 1575 402 1621 oum
425 1557 503 1637 aliis,
528 1560 558 1621 et
581 1574 728 1621 sonorum
753 1559 784 1620 et
806 1556 1064 1639 interpretatione
1086 1555 1268 1619 iucundum.
1325 1556 1357 1617 et
1383 1579 1408 1619 ro

84 1638 88 1645 ¹
104 1729 107 1740 ,
208 1661 320 1742 utique
336 1681 399 1727 non
414 1661 527 1746 glaldio
544 1665 599 1726 aut
620 1679 711 1725 cruce
735 1664 790 1725 aut
805 1660 915 1724 hestiis
933 1660 1093 1744 punienda
1109 1663 1182 1724 sunt
1197 1659 1334 1722 nomina.
1348 1655 1356 1742 ΙΙ

127 1815 134 1825 .
167 1784 186 1806 v
256 1763 286 1829 4.
319 1765 379 1831 Sed
410 1766 512 1831 dicitis
543 1770 663 1831 sectam
694 1765 820 1829 nomine
850 1765 954 1847 puniri
984 1764 1034 1828 sui
1065 1763 1210 1828 auctoris.
1256 1763 1355 1845 primo

208 1869 338 1950 quidem
361 1873 482 1934 sectam
501 1867 505 1954 Ι
526 1870 564 1934 de
588 1870 723 1933 auctoris
747 1869 958 1951 appellatione
980 1869 1082 1932 notari
1100 1868 1207 1949 utique
1222 1866 1356 1948 probum

210 1973 427 2056 usitatumque
456 1975 505 2038 ius
537 1977 594 2054 est,
622 1971 627 2058 Ι
655 1974 731 2037 dum
761 1973 941 2056 philosophi
970 1990 1092 2054 quoque
1116 1972 1153 2035 de
1176 1971 1355 2039 auctoribus

209 2079 472 2161 cognominentur
495 2078 694 2162 Pythagorici
713 2075 718 2162 Ι
738 2081 770 2141 et
784 2077 948 2157 Platonici,
972 2080 1007 2141 ut
1027 2076 1142 2140 medici
1156 2074 1356 2140 Erasistratei
1383 2099 1408 2139 15

208 2185 244 2246 εὴ
258 2183 455 2266 grammatici
470 2181 665 2246 Aristarchii.
688 2178 691 2266 Ι
711 2182 818 2263 itaque
834 2181 861 2244 si
884 2181 922 2245 ob
947 2186 1107 2246 auctorem
1129 2182 1249 2244 malum
1272 2180 1356 2244 mala

208 2289 308 2367 secta,
331 2287 444 2350 tradux
466 2287 542 2351 mali
565 2286 700 2350 nominis
724 2281 888 2371 placititur.
934 2286 1043 2367 atquin
1065 2285 1244 2349 temeritate
1266 2270 1385 2367 prae*
1466 2358 1484 2374 „

209 2395 397 2456 sumeretur.
435 2390 522 2475 prius
547 2395 614 2456 erat
636 2409 825 2475 cognoscere
845 2389 850 2475 Ι
871 2393 1041 2470 auctorem,
1065 2393 1101 2454 ut
1116 2391 1356 2473 cognosceretur
1432 2379 1459 2402 ²

208 2499 308 2576 secta,
332 2515 429 2579 quam
450 2497 488 2560 de
511 2500 597 2560 secta
618 2495 848 2578 inspectionem
869 2492 873 2581 Ι
893 2495 1027 2559 auctoris
1042 2494 1185 2558 retinere.
1224 2496 1258 2558 at
1272 2511 1355 2557 nunc

207 2601 388 2665 necessario
411 2601 587 2684 ignorando·
606 2604 734 2680 sectam,
758 2600 831 2682 quia
847 2596 1006 2684 iginoratis
1022 2602 1192 2678 auctorem,
1215 2601 1355 2662 autnon
1381 2622 1407 2662 so

206 2705 401 2769 recensendo
424 2708 593 2786 auctorem,
621 2704 694 2786 quia
720 2723 777 2768 nec
805 2707 924 2768 sectam
951 2699 956 2787 Ι
982 2703 1165 2783 recensetis,
1192 2703 1225 2766 in
1251 2702 1355 2767 solum

207 2827 328 2874 nomen
350 2810 525 2893 inpingitis,
549 2809 639 2891 quasi
661 2809 693 2872 in
708 2809 761 2873 illo
778 2809 954 2872 detinentes
971 2811 1090 2872 sectam
1110 2805 1115 2892 Ι
1136 2811 1167 2871 et
1183 2809 1354 2887 auctorem,

209 2931 290 2995 quos
313 2914 439 2978 omnino
462 2932 525 2979 non
547 2913 657 2978 nostis.
703 2916 736 2978 et
758 2916 866 2978 tamen
888 2913 1083 2995 philosophis
1105 2914 1194 2994 patet
1215 2907 1354 2995 liberitas

207 3019 460 3102 transgrediendi
476 3037 495 3083 a
509 3018 599 3083 uobis
611 3018 644 3082 in
657 3021 776 3082 sectam
788 3021 821 3082 et
833 3018 872 3081 ad
884 3021 1043 3082 auctorem
1057 3020 1089 3080 et
1101 3034 1193 3080 suum
1209 3032 1334 3094 nomen,
1348 3011 1352 3099 Ι

208 3141 271 3186 nec
293 3123 459 3204 quisquam
484 3123 547 3187 illis
574 3123 680 3186 odium
708 3125 825 3203 mouet,
853 3140 927 3186 cum
952 3121 987 3185 in
1015 3139 1117 3186 mores
1144 3120 1223 3184 ritus
1251 3120 1353 3183 cultus
1381 3143 1407 3182 ss

87 3227 90 3232 ’
139 3218 143 3224 ’
206 3224 384 3312 uictuslque
407 3231 528 3292 uestros
551 3228 657 3309 palam
681 3244 716 3290 ac
739 3226 863 3310 publice
886 3244 1011 3290 omnem
1035 3225 1150 3307 eloquii
1171 3222 1354 3288 amaritudi-

207 3351 286 3396 nem
308 3334 451 3413 elatrent,
477 3329 481 3416 Ι
506 3351 578 3396 oum
600 3333 709 3415 legum
731 3334 926 3413 contemptu,
949 3331 1017 3394 sine
1040 3332 1184 3413 respectu
1206 3345 1354 3411 persona·

206 3456 292 3516 rum,
326 3441 373 3501 ut'
389 3437 514 3518 quidam
543 3437 638 3501 etiam
669 3433 673 3520 Ι
703 3437 737 3499 in
763 3435 919 3519 principes
946 3435 1032 3518 ipsos
1058 3434 1236 3498 libertatem
1263 3451 1354 3496 suam

205 3541 326 3624 inpune
341 3541 525 3608 iaculentur.
561 3541 616 3605 sed
631 3540 799 3604 ueritatem
819 3536 823 3623 Ι
844 3540 968 3604 saeculo
984 3538 1238 3622 operosissimam
1253 3536 1354 3620 philo-

254 3785 487 3857 linterpretatur
509 3786 537 3840 A
616 3781 883 3853 5spr0nuntiamur
906 3782 933 3836 A
1007 3781 1126 3837 9omini
1147 3783 1220 3849 fort,
1244 3779 1353 3833 omnino

208 3873 355 3929 Hertete'ee
433 3872 535 3942 patriae
553 3872 650 3928 ¹Goth:
675 3870 747 3940 patri
773 3870 810 3937 A,
836 3869 936 3938 partim
963 3870 1108 3924 Heraclius
1189 3882 1299 3935 grecuun
1326 3867 1353 3920 A

211 3963 243 4016 10
271 3976 334 4014 cum
360 3959 424 4014 edd.
450 3959 576 4014 Oeleterus
639 3957 704 4010 alias
735 3956 842 4026 Uesper
867 3956 1002 4011 Berthiee
1063 3954 1302 4023 interpraetatione
1322 3955 1353 4007 A

210 4051 243 4104 13
262 4046 350 4102 notari
367 4047 437 4117 Rip:
454 4045 554 4100 mutari
571 4046 607 4113 A,
626 4043 758 4098 nominari
775 4042 881 4112 Uesper
897 4043 1032 4098 Beothius
1086 4043 1118 4096 15
1136 4043 1164 4095 et
1180 4039 1354 4108 Pythagorici

211 4136 293 4204 eote,
312 4137 344 4188 ut
361 4133 534 4202 Pythagorici
554 4132 662 4202 Uesper
679 4131 814 4186 Beothius
867 4130 909 4199 ut]
929 4132 956 4183 ot
978 4128 1083 4198 Uesper
1100 4128 1236 4183 Bertlaiea
1288 4126 1388 4207 Era-¹,

209 4221 328 4277 sistratei
355 4221 439 4276 Goth:
462 4219 625 4274 aerasistrati
646 4220 674 4274 A
746 4219 779 4272 16
801 4216 835 4270 oh
861 4218 946 4274 Goth.-
969 4215 1002 4270 ab
1021 4217 1048 4270 A
1121 4217 1153 4269 17
1176 4217 1248 4268 secta
1268 4214 1354 4270 Goth.-

208 4312 282 4364 serta
300 4309 329 4364 A
383 4310 417 4363 20
436 4307 482 4376 qui
499 4307 552 4362 etti
605 4307 638 4362 22
657 4302 761 4359 satae
814 4306 848 4360 23
865 4303 974 4357 omnino
993 4319 1045 4357 non
1060 4302 1146 4359 Goth:
1163 4300 1237 4356 omni
1254 4316 1308 4354 non
1325 4301 1353 4355 A

208 4399 243 4456 24
261 4398 295 4452 ad
315 4397 452 4451 auctorem
469 4394 581 4464 scalpsi:
600 4395 737 4448 auctorem
756 4391 792 4459 A,
811 4393 951 4445 auctorum
972 4389 1098 4445 Oehlome
