3200 5034
528 390 579 444 III.
599 390 646 445 Ad
665 391 817 445 nationes
834 392 918 446 lib.I
937 396 1013 449 7-8.
1302 396 1341 458 71

199 564 283 628 cium
308 567 364 645 est,
388 567 423 630 tu
446 567 537 630 mode
561 570 668 650 specta
687 567 873 632 morientem
893 566 898 653 Ι
918 568 1056 632 animam
1071 573 1241 652 antequam
1257 570 1343 652 trinit,

199 671 282 732 certe
314 669 419 753 excipe
449 671 560 734 rudem
591 672 777 755 sanguinem
807 673 840 736 in
870 691 930 755 quo
956 671 961 758 Ι
984 691 1099 755 panem
1122 677 1214 738 tuum
1236 676 1343 756 saties,

198 792 327 838 uescere
349 773 497 850 libenter:
529 776 648 840 interea
670 775 841 856 discumbe,
865 773 1038 862 dinumelra
1059 779 1137 858 loca,
1168 779 1222 842 ubi
1245 782 1344 843 mater

199 881 255 941 aut
277 895 364 942 soror
386 881 491 943 torum
513 880 676 962 presserit;
708 884 783 944 nota
807 880 982 965 diligenter,
1003 879 1008 966 Ι
1032 885 1076 962 111,
1100 900 1173 945 eum
1195 883 1344 948 tenebrae

197 982 362 1064 inruerint,
385 987 578 1068 temptantes
595 985 714 1050 scilicet
730 985 927 1069 diligentiam
943 984 1158 1072 singullorum,
1181 1006 1243 1053 non
1260 1007 1343 1052 erres
1383 1017 1396 1056 5

197 1090 380 1152 extraneam
402 1089 580 1154 incmsans:
612 1091 771 1173 piaculum
801 1091 920 1171 feceris,
951 1092 1012 1155 nisi
1032 1089 1036 1176 Ι
1056 1092 1221 1156 incestum.
1267 1093 1345 1156 haec

197 1209 271 1254 cum
294 1194 490 1275 expunxeris,
521 1194 610 1258 uiues
633 1195 665 1258 in
688 1213 812 1259 aeuum.
860 1196 949 1277 cupio
972 1193 1181 1281 respondelaS,
1212 1197 1240 1261 si
1262 1197 1345 1262 tanti

198 1295 276 1360 facis
300 1299 541 1363 aeternitatem?
572 1299 669 1363 immo
692 1300 804 1363 idcirco
828 1318 885 1362 nec
898 1353 900 1357 .
913 1300 1022 1380 credis,
1055 1301 1151 1364 etiam
1174 1301 1201 1364 si
1220 1302 1224 1379 Ι
1245 1301 1344 1365 credi-

199 1401 291 1481 deriS,
316 1420 395 1485 nego
418 1405 449 1466 te
473 1404 564 1483 uelle,
589 1404 686 1468 etiam
702 1403 728 1466 si
743 1405 853 1484 uelles,
876 1422 956 1487 nego
972 1409 1003 1468 te
1018 1422 1119 1486 posse.
1151 1424 1206 1468 cur
1222 1402 1342 1490 antemi

199 1505 252 1568 alii
273 1507 404 1586 possint,
429 1507 455 1570 si
477 1525 533 1571 uos
557 1526 619 1571 non
641 1507 793 1589 potestis?
825 1526 880 1571 cur
903 1525 966 1571 non
988 1509 1125 1591 possitis,
1149 1509 1175 1572 si
1199 1509 1251 1572 alii
1272 1528 1344 1592 pos·
1372 1537 1397 1576 ro

199 1607 294 1674 sunt?
330 1611 334 1692 Ι
368 1611 594 1693 inpunitatem,
638 1612 857 1676 aeternitatem
891 1615 1008 1694 quanto
1046 1616 1189 1676 constare
1224 1613 1343 1676 uultis?

199 1733 231 1798 a.
243 1766 249 1778 .
261 1765 267 1778 .
280 1764 297 1799 .,
316 1715 320 1790 Ι
341 1715 430 1779 nobis
447 1715 532 1780 omni
547 1716 639 1781 modo
654 1716 855 1779 redimendae
871 1716 1039 1780 uidentur?
1078 1734 1118 1779 an
1142 1717 1193 1780 alii
1217 1717 1344 1800 ordines

199 1816 355 1904 den,ltium
371 1818 629 1900 Christianorum,
654 1823 685 1883 et
709 1820 760 1883 alii
784 1839 895 1903 specus
919 1820 1070 1900 faucium,
1094 1823 1126 1884 et
1149 1821 1201 1883 alii
1224 1821 1263 1884 ad
1285 1821 1344 1905 tin-

199 1924 287 2008 cesti,
306 1923 310 2002 1
330 1923 492 1988 libidinem
509 1924 619 1988 nerui?
643 1941 706 1987 nen
728 1925 846 2007 opinor.
883 1924 959 1988 satis
984 1924 1069 1988 enim
1093 1928 1141 1988 est
1162 1924 1253 1988 nobis
1277 1926 1345 1988 sela

199 2029 344 2114 ueritate,
362 2025 367 2113 Ι
387 2046 405 2091 a
428 2031 534 2092 uestra
555 2029 709 2111 positione
733 2029 876 2092 discerni.
1372 2055 1397 2093 15

243 2130 273 2195 8.
305 2133 413 2211 Plane,
443 2133 573 2196 tertium
599 2151 700 2216 genus
729 2132 873 2216 dicimur.
920 2151 968 2217 an,
985 2131 994 2217 Ι
1011 2131 1219 2215 cynopennae
1251 2133 1345 2215 aliqui

113 2244 178 2302 ggv
198 2238 251 2300 uel
274 2235 440 2318 Sciapodas
471 2237 523 2300 uel
554 2237 649 2319 aliqui
679 2236 716 2299 de
748 2234 961 2322 subterrailneo
984 2236 1180 2320 Antipodes?
1226 2237 1345 2318 siqua

198 2341 269 2406 istic
293 2341 374 2422 apud
398 2358 453 2405 uos
478 2342 592 2406 saltem
614 2341 693 2405 ratio
718 2344 776 2421 est,
809 2342 907 2405 edatis
930 2341 1027 2405 uelim
1050 2342 1188 2423 primum
1215 2343 1220 2422 Ι
1245 2344 1277 2405 01
1299 2359 1344 2404 sc-

198 2445 337 2510 cundum
367 2465 477 2528 genus,
508 2449 543 2509 ut
571 2446 616 2510 ita
640 2446 677 2509 de
701 2445 791 2510 tertio
815 2448 947 2510 constet.
993 2445 1245 2510 Psammetichus
1277 2445 1344 2527 qui-

198 2551 271 2614 dem
283 2547 286 2634 Ι
297 2551 421 2633 putauit
436 2550 480 2614 ibi
497 2570 530 2614 se
547 2551 585 2614 de
597 2551 722 2634 ingenio
736 2551 945 2633 explerauisse
957 2551 1060 2632 prima
1071 2550 1205 2633 generis.
1231 2549 1344 2614 dicitur
1370 2576 1396 2615 no

198 2655 283 2718 enim
303 2654 308 2738 Ι
328 2655 465 2734 infantes
488 2655 606 2718 recenti
630 2675 646 2718 e
668 2658 761 2736 partu
785 2672 927 2718 seorsum
944 2673 963 2718 a
978 2655 1164 2718 commercio
1180 2654 1343 2717 hominum

199 2759 327 2824 alendos
363 2756 367 2843 Ι
401 2760 566 2824 tradidisse
599 2760 713 2822 nutrici
748 2777 843 2841 quam
878 2763 909 2823 et
936 2759 1040 2842 ipsam
1069 2763 1235 2842 propterea
1266 2758 1344 2822 elin·

198 2866 361 2946 guauerat,
392 2866 427 2926 ut
456 2865 489 2927 in
513 2861 624 2948 toltum
648 2864 752 2927 exules
776 2864 861 2927 uocis
885 2863 1042 2926 humanae
1065 2881 1128 2927 non
1152 2863 1260 2926 auditu
1282 2862 1344 2926 for·

198 2971 324 3032 marent
345 2968 526 3050 loquellam,
548 2966 551 3051 Ι
574 2968 628 3031 sed
652 2967 689 3030 de
713 2985 768 3030 suo
791 2971 971 3050 promentes
995 2985 1066 3030 eam
1088 2967 1224 3050 primam
1244 2967 1345 3030 natio-

198 3091 272 3136 nem
285 3073 486 3155 designarent
498 3071 585 3135 cuius
599 3089 710 3135 sonum
725 3068 727 3156 Ι
742 3075 856 3135 natura
868 3071 1025 3134 dictasset.
1049 3071 1151 3155 prima
1162 3088 1220 3135 vox
1232 3071 1343 3134 beccos
1371 3097 1396 3136 a
1449 3113 1451 3119 -

198 3177 378 3240 renuntiata
409 3180 471 3251 est;
502 3174 725 3261 interpretaltio
757 3177 822 3239 eius
845 3177 935 3258 panis
960 3176 1042 3258 apud
1064 3176 1205 3259 Phrygas
1229 3194 1344 3241 nomen

200 3284 262 3356 est;
286 3281 426 3363 Phryges
450 3281 587 3364 primum
610 3300 709 3363 genus
734 3277 851 3365 eutlinde
874 3279 1039 3343 habentur.
1086 3281 1141 3343 sed
1165 3298 1262 3344 unum
1285 3279 1344 3343 hoc

244 3561 338 3614 ltum
358 3559 430 3614 Goth
482 3557 630 3625 Apreserit
648 3557 674 3610 A
693 3574 760 3612 corr.
816 3559 921 3618 5erres
937 3556 1023 3611 Goth:
1040 3572 1130 3609 errens
1148 3557 1174 3610 A
1228 3555 1345 3611 8facias

202 3647 274 3702 Goth
320 3644 574 3712 l2a....]anhac
586 3644 657 3699 Gotb
699 3645 731 3698 13
744 3645 895 3712 specue*A
932 3645 964 3698 15
977 3643 1090 3696 ueritate
1105 3643 1190 3698 Goth:
1207 3658 1254 3695 uer
1268 3684 1343 3695 .....

202 3732 287 3790 Gotb*
361 3734 393 3787 16
412 3733 482 3786 daco
499 3738 586 3786 tresue
609 3732 713 3785 litterae
740 3736 802 3784 arcte
825 3745 882 3797 eyn.
907 3731 1041 3784 interiissc
1066 3730 1203 3797 uideatur,
1231 3747 1345 3798 quoram

196 3822 277 3890 prior
289 3837 304 3872 a
316 3821 400 3888 faerit
454 3820 485 3873 11
499 3817 670 3871 subterraneo
693 3817 834 3871 chleree:
851 3815 1006 3869 subterrane
1025 3817 1061 3883 A,
1080 3815 1253 3869 subterranea
1273 3816 1344 3871 Gotb

201 3911 233 3964 18
246 3907 342 3962 saltem
354 3906 423 3960 ratio
435 3907 503 3976 Rip:
520 3904 655 3958 salteratio
669 3906 704 3971 A,
718 3903 839 3956 alteratio
853 3903 912 3971 (cat
924 3902 1075 3970 alternatio)
1091 3903 1162 3958 Gotb
1211 3905 1243 3957 19
1255 3918 1344 3970 psam-

200 3995 313 4048 meticus
331 3995 359 4048 A
412 3995 445 4048 20
464 3992 502 4045 ibi
520 4009 547 4045 se
566 3991 598 4044 de
617 3993 729 4060 scripsi:
747 3990 798 4043 tibi
816 4007 844 4042 se
861 3992 897 4058 A,
916 3989 968 4044 sibi
987 3989 1019 4042 dc
1039 3990 1111 4044 Gotb
1169 3988 1344 4056 explorauisse

200 4083 287 4150 prima
309 4081 413 4148 generis
437 4082 550 4149 scripsi:
574 4079 732 4147 exploratus.
756 4078 778 4130 si
802 4077 834 4130 de
856 4077 944 4145 prima
965 4076 1068 4144 generis
1091 4077 1127 4144 A,
1154 4074 1345 4144 explorandum

202 4169 233 4222 de
257 4168 311 4222 fide
334 4167 422 4236 primi·
438 4167 541 4235 generis
569 4168 648 4235 Goth,
678 4165 844 4233 exploratum
867 4181 922 4218 csse
948 4164 980 4217 de
1003 4163 1190 4231 primogenitis
1219 4164 1345 4218 chicrue

201 4259 235 4311 24
254 4255 286 4308 de
306 4271 353 4308 suo
369 4256 508 4310 oehlerus:
526 4270 572 4306 suo
585 4255 621 4322 A,
640 4269 687 4306 suo
706 4252 812 4320 ingenio
830 4253 896 4319 fort.
951 4254 983 4306 25
1002 4267 1109 4308 neruos
1126 4251 1196 4319 Rip:
1213 4252 1304 4318 pactos
1317 4250 1344 4302 A

201 4345 234 4400 26
256 4342 445 4412 interpretatio
468 4343 496 4395 A
567 4343 600 4395 27
623 4340 741 4409 primum
763 4340 874 4408 scripsi:
899 4338 980 4408 primi
998 4340 1025 4392 A
1096 4337 1146 4390 hoc
1167 4352 1253 4389 unum
1273 4336 1344 4392 Goth
