3200 5034
744 1134 821 1217 VH.

611 1346 672 1409 DF]
694 1345 953 1411 BAPTISMO.

258 1557 289 1621 1.
309 1527 403 1621 Felix
431 1558 663 1621 saeramentnm
694 1572 793 1636 aquae
824 1558 959 1635 nostrae,
989 1555 1060 1636 quia
1090 1553 1206 1618 ablutis
1237 1554 1356 1618 deliotis

211 1663 363 1745 pristinae
390 1661 551 1726 oaeoitatis
582 1660 614 1724 in
644 1660 745 1724 uitam
777 1662 938 1723 aeternam
967 1659 1151 1723 liberamur!
1207 1677 1269 1723 non
1299 1660 1358 1722 erit

211 1768 348 1831 otiosum
371 1766 528 1850 digestum
551 1765 652 1845 istud,
678 1766 837 1829 instruens
865 1767 931 1828 tam
960 1782 1012 1829 eos
1041 1764 1094 1846 qni
1122 1781 1194 1827 oum
1221 1764 1355 1827 maxime
1395 1790 1408 1830 5

210 1872 401 1951 formantur,
432 1889 527 1952 quam
558 1873 590 1933 et
620 1870 689 1934 illos
721 1870 774 1951 qui
806 1869 991 1952 simpliciter
1021 1869 1188 1933 credidisse
1220 1868 1357 1933 eontenti

211 1994 274 2040 non
299 1975 464 2058 exploratis
487 1974 662 2038 rationibus
687 1973 891 2038 traditionum
918 1974 1140 2055 intemptatam
1162 1973 1356 2056 probabilem

211 2080 306 2144 fidem
333 2099 388 2162 per
415 2079 608 2161 imperitiam
635 2081 769 2161 portant.
817 2081 911 2159 atque
941 2077 1017 2141 adeo
1045 2096 1144 2159 nuper
1173 2081 1358 2141 conuersata

210 2186 283 2250 istie
306 2184 460 2266 quaedam
482 2183 520 2246 de
536 2182 658 2247 Gaiana
677 2183 800 2247 haeresi
821 2182 930 2266 uipera
949 2182 1195 2246 uenenatissima
1218 2183 1358 2246 doctrina
1450 2182 1454 2193 '

211 2308 270 2354 sna
297 2290 464 2371 plerosque
490 2290 609 2371 rapuit,
641 2288 786 2371 inprimis
813 2287 1008 2370 baptismum
1037 2288 1211 2351 destruens
1264 2288 1356 2370 plane
1385 2314 1410 2352 10

212 2394 386 2459 seeundum
408 2397 565 2458 naturam.
610 2412 685 2457 nam
712 2393 777 2456 fere
805 2393 930 2475 uiperae
959 2396 990 2456 et
1017 2393 1141 2474 aspides
1166 2393 1287 2475 ipsique
1310 2412 1358 2459 re.-

211 2500 279 2584 guli
307 2502 468 2581 serpentes
496 2498 582 2561 arida
609 2502 641 2562 et
666 2503 819 2579 inaquosa
845 2499 1015 2561 sectantur.
1061 2498 1116 2561 sed
1139 2515 1195 2561 nos
1218 2496 1358 2579 piseiouli
1472 2512 1474 2516 ·

211 2604 385 2668 seeundum
416 2602 491 2682 ἰχθὺν
522 2606 665 2666 nostrum
695 2603 802 2666 Iesum
834 2600 994 2666 Christum
1024 2602 1058 2664 in
1089 2620 1170 2683 aqna
1200 2602 1358 2665 nascimur

212 2727 271 2773 neo
294 2708 385 2771 aliter
407 2726 502 2789 qnam
524 2708 556 2770 in
580 2725 662 2788 aqua
683 2705 894 2789 permanendo
919 2706 998 2769 salui
1021 2724 1140 2769 sumus.
1178 2706 1284 2787 itaque
1303 2705 1359 2768 illa

212 2812 495 2891 monstrosissima,
529 2813 579 2876 eui
609 2830 667 2876 neo
695 2812 837 2894 integrae
871 2811 997 2892 quidem
1032 2810 1162 2875 doeendi
1195 2810 1244 2874 ins
1279 2814 1356 2890 erat,
1385 2806 1424 2875 ιε,4

212 2918 330 3000 optime
353 2919 444 2980 norat
465 2916 631 2998 pisoioulos
655 2933 766 2979 neoare
789 2916 827 2979 de
851 2933 933 2996 aqua
956 2915 1111 2979 auferens

256 3019 286 3085 2.
319 3020 379 3085 Sed
409 3021 494 3084 enim
524 3024 643 3101 quanta
672 3022 721 3083 uis
752 3024 801 3083 est
830 3020 1044 3100 peruersitatis
1078 3019 1117 3083 ed
1133 3013 1241 3082 'fidem
1272 3017 1358 3081 labe-

212 3126 393 3190 factandam
416 3124 467 3188 uel
490 3124 523 3187 in
546 3128 647 3188 totum
673 3142 736 3187 non
764 3124 989 3205 recipiendam,
1017 3126 1053 3186 nt
1077 3142 1113 3187 ex
1135 3123 1185 3186 his
1209 3140 1278 3186 eam
1300 3122 1359 3186 im-

212 3232 347 3313 pugnet,
375 3248 411 3293 ex
434 3229 546 3310 quibus
569 3229 709 3292 oonstat!
755 3228 834 3291 nihil
857 3227 933 3291 adeo
961 3231 1010 3291 est
1032 3228 1114 3309 quod
1136 3231 1202 3291 tam
1226 3226 1359 3291 obduret

213 3336 337 3398 mentes
357 3333 519 3397 hominnm
543 3350 639 3415 quam
661 3332 847 3415 simplicitas
871 3332 1047 3395 diuinorum
1071 3349 1200 3415 operum
1223 3349 1303 3413 quae
1326 3331 1359 3395 in
1386 3360 1412 3398 so

214 3442 286 3502 aotu
317 3437 441 3501 uidetur
471 3440 503 3500 et
533 3435 768 3520 magnificentia
797 3454 876 3517 quae
907 3438 939 3499 in
971 3434 1084 3499 effeotu
1116 3436 1358 3519 repromittitur:

212 3546 250 3606 ut
271 3542 323 3605 hio
349 3559 487 3623 quoque,
515 3542 662 3622 quoniam
689 3543 779 3604 tanta
801 3540 1016 3623 simplieitate,
1045 3541 1112 3603 sine
1135 3556 1263 3623 pompa,
1292 3540 1359 3603 sine

214 3648 367 3729 apparatu
390 3664 471 3709 nouo
501 3645 619 3727 aliquo,
651 3645 785 3726 denique
813 3644 880 3707 sine
908 3648 1036 3727 sumptu
1063 3644 1156 3707 homo
1184 3644 1216 3708 in
1244 3662 1358 3725 aquam

214 3750 370 3814 demissus
398 3753 430 3813 et
457 3749 539 3813 inter
565 3766 665 3831 paura
692 3748 791 3812 uerba
817 3748 934 3811 tinotus
964 3767 1026 3812 non
1055 3748 1155 3811 multo
1182 3749 1235 3811 uel
1261 3748 1359 3812 nihilo

213 3854 361 3918 mundior
382 3854 533 3936 resurgit,
561 3872 597 3916 eo
624 3852 815 3916 incredibilis
839 3852 1034 3916 existimetur
1058 3852 1236 3916 oonseoutio
1259 3855 1360 3915 aeter·
1386 3881 1412 3921 ss

258 4042 335 4098 2DE
347 4042 527 4097 BAPTISMO
545 4042 730 4096 ADVERSVS
750 4041 976 4108 QVINTILLAM
990 4043 1062 4096 Pom
1106 4044 1188 4109 3qua
1207 4043 1258 4097 Ure
1303 4041 1360 4095 Vin

213 4132 350 4183 tentatum
368 4131 425 4200 Rip
478 4134 508 4187 11
529 4130 584 4183 fere
602 4131 672 4184 Lat:
690 4129 761 4183 ferae
779 4132 807 4184 B
866 4131 898 4185 13
917 4129 1052 4182 nascimur
1070 4130 1155 4183 Pom:
1173 4144 1314 4183 nascamur
1332 4130 1360 4183 Β

215 4219 249 4272 14
267 4218 357 4285 itaque
374 4217 434 4285 illa]
453 4217 491 4270 its
510 4217 642 4283 Quintilla
662 4217 712 4271 der
771 4216 1197 4284 151ntegrae1wo:integre13
1257 4217 1288 4270 19
1307 4230 1359 4283 quo

214 4306 273 4359 Iros
342 4306 399 4357 tam
423 4304 487 4358 odd.
512 4306 563 4360 Urs
633 4306 665 4359 21
689 4304 797 4357 uidetur
825 4306 890 4359 Urs:
916 4302 1045 4355 uidentur
1068 4304 1095 4357 Β
1166 4304 1199 4357 22
1227 4300 1270 4354 hie
1296 4301 1360 4356 eet.-

215 4390 280 4444 hiue
298 4392 325 4444 Β
378 4393 412 4447 23
431 4407 526 4459 aquam
545 4393 613 4446 Iuor:
632 4406 701 4457 aqua
718 4392 746 4445 Β
