3200 5034
579 389 639 443 VII.
659 392 703 443 De
722 390 886 457 baptismo
906 392 1016 446 15-18.
1304 390 1368 453 215

224 567 352 649 perinde
376 570 408 630 et
430 566 618 648 baptismus,
649 584 747 647 aeque
771 566 820 628 dei
843 584 966 645 census,
997 565 1037 629 ab
1060 566 1205 630 omnibus
1235 566 1367 629 exerceri

223 674 335 754 petest.
376 672 431 734 sed
455 674 571 753 quante
595 670 697 753 magis
719 670 808 734 laicis
832 670 996 752 disciplina
1019 670 1224 734 uerecundiae
1248 674 1279 734 et
1302 689 1367 734 me-

224 776 343 840 destiae
358 774 524 855 incumbit,
541 794 612 839 eum
629 793 666 838 ea
680 774 855 839 maioribus
868 777 1058 857 competant,
1075 794 1114 838 ne
1127 774 1188 838 sibi
1200 775 1368 839 adsumant

223 881 363 943 dicatum
386 879 539 963 episcopis
562 878 722 944 efficium?
751 880 949 962 episcopatus
974 879 1142 943 aemulatio
1159 879 1367 943 schismatum

224 987 325 1048 mater
349 987 407 1048 est.
446 985 554 1049 emnia
575 984 668 1047 licere
692 984 768 1047 dixit
791 984 1008 1047 sanctissimus
1033 983 1202 1065 apostema,
1227 983 1366 1047 sednon
1407 1010 1419 1047 ⁵

222 1089 328 1153 emnia
358 1089 509 1171 expedire.
550 1088 687 1152 sufficiat
718 1088 837 1152 scilicet
867 1088 900 1151 in
927 1088 1165 1152 necessitatibus
1193 1090 1228 1151 ut
1258 1088 1366 1168 utaris,

222 1192 323 1258 sicubi
354 1197 409 1257 aut
435 1194 495 1256 leei
521 1196 576 1257 aut
598 1193 748 1275 temperis
772 1195 828 1256 aut
850 1210 1000 1275 personae
1029 1192 1167 1256 condicio
1195 1192 1365 1273 compellit.
1440 1244 1443 1251 .

221 1301 297 1361 tunc
320 1298 405 1361 enim
429 1298 609 1361 constantia
628 1298 838 1361 succurrentis
856 1297 1016 1379 excipitur,
1040 1315 1112 1360 eum
1128 1301 1217 1381 urget
1234 1298 1366 1361 circum-

219 1403 339 1466 stantia
353 1402 570 1484 periclitantis,
588 1403 737 1484 quoniam
753 1420 825 1466 reus
843 1402 901 1466 erit
916 1402 1030 1485 perditi
1045 1402 1193 1483 hominia,
1215 1403 1241 1465 si
1258 1420 1365 1485 super-

185 1581 194 1595 ,
220 1507 335 1570 sederit
356 1511 516 1589 praestare
539 1507 622 1589 quod
637 1506 735 1571 libere
750 1507 860 1589 potuit.
900 1506 1074 1590 petulantia
1090 1510 1196 1570 autem
1212 1506 1364 1586 mulieris,
1394 1533 1419 1571 re

220 1629 299 1692 quae
330 1612 494 1694 usurpauit
524 1611 644 1694 decere,
676 1611 783 1692 utique
815 1629 877 1674 non
908 1611 1001 1675 etiam
1033 1611 1196 1694 tinguendi
1225 1611 1273 1674 ius
1305 1610 1365 1674 sibi

219 1716 331 1798 pariet,
361 1716 422 1779 nisi
445 1716 472 1779 si
495 1734 574 1797 quae
598 1734 681 1779 noua
702 1715 804 1779 bestia
827 1716 967 1778 euenerit
989 1716 1101 1779 similis
1127 1715 1289 1797 pristinae,
1320 1719 1364 1794 ut,

220 1821 487 1901 quemadmodum
516 1820 572 1884 illa
600 1819 796 1902 baptismum
828 1820 1000 1899 auferebat,
1034 1820 1080 1883 ita
1110 1819 1215 1899 aliqua
1244 1839 1300 1901 per
1331 1839 1364 1883 se

220 1944 294 1988 eum
329 1924 477 1988 conferat.
523 1925 633 2005 quodsi
668 1942 747 2006 quae
782 1923 873 1987 Pauli
907 1941 1071 2005 perperam
1106 1922 1256 2004 inscripta
1292 1926 1365 1987 sunt

219 2030 397 2110 exemplum
413 2029 548 2093 Theclae
564 2030 604 2092 ad
626 2028 789 2092 licentiam
806 2028 975 2091 mulierum
992 2027 1122 2090 docendi
1138 2027 1364 2109 tinguendique
1392 2054 1417 2093 is

219 2132 402 2213 defendunt,
433 2134 535 2197 sciant
564 2135 596 2196 in
623 2131 702 2196 Asia
731 2131 960 2215 presbyterum,
992 2132 1044 2213 qui
1076 2150 1145 2195 eam
1176 2132 1363 2214 scripturam

219 2238 403 2317 construxit,
427 2239 517 2319 quasi
532 2237 624 2301 titulo
639 2236 731 2299 Pauli
748 2237 786 2299 de
803 2254 859 2299 sue
875 2237 1051 2315 cumulans,
1075 2236 1253 2299 conuictum
1270 2240 1363 2317 atque

217 2341 399 2406 confossum
429 2341 460 2404 id
491 2360 524 2404 se
555 2359 661 2405 amere
684 2341 775 2404 Pauli
807 2341 918 2404 fecisse
949 2341 1016 2403 loeo
1048 2340 1227 2403 decessisse.
1268 2359 1363 2422 quam

218 2446 302 2508 enim
325 2444 398 2508 fidei
420 2446 597 2527 proximum
618 2446 786 2525 uideretur,
810 2448 846 2508 ut
860 2446 886 2508 is
904 2444 1034 2507 docendi
1050 2448 1081 2508 et
1096 2443 1258 2525 tinguendi
1274 2444 1363 2507 daret

217 2550 354 2613 feminae
383 2552 574 2630 potestatem
597 2550 650 2631 qui
674 2569 712 2612 ne
736 2549 855 2612 discere
879 2549 1005 2630 quidem
1028 2550 1208 2611 constanter
1238 2549 1363 2611 mulieri
1390 2536 1414 2613 ee

217 2654 383 2734 permisit?
408 2656 572 2732 taceant,
589 2654 702 2734 inquit,
719 2652 1034 2716 etdomimaritos
1052 2671 1137 2716 sues
1153 2653 1361 2716 consulant.

262 2754 312 2819 18.
334 2755 482 2820 Ceterum
504 2757 700 2839 baptismum
723 2774 786 2820 nen
810 2759 928 2819 temere
953 2756 1143 2819 credendum
1167 2775 1235 2820 esse
1258 2756 1363 2820 sciunt

218 2878 352 2943 quorum
383 2860 520 2925 officium
550 2864 606 2924 cst.
653 2862 748 2923 ‘omni
770 2862 890 2943 petenti
912 2864 943 2923 te
968 2861 1049 2923 date'
1081 2879 1173 2923 suum
1201 2860 1296 2925 habet
1322 2862 1361 2925 ti-

217 2966 320 3028 tulum
336 2965 464 3046 perinde
481 2966 519 3028 ad
537 2966 768 3047 eleemosynam
784 2964 1007 3046 pertinentem.
1044 2966 1141 3029 imme
1162 2965 1239 3029 illud
1257 2957 1360 3047 petius

216 3069 483 3151 perspiciendum:
514 3070 631 3134 nolite
662 3070 751 3133 dare
782 3073 953 3133 sanetum
984 3069 1139 3133 canibus
1172 3073 1208 3133 et
1237 3071 1360 3151 porcis
1388 3096 1413 3135 as

215 3174 386 3255 proicere
406 3174 650 3257 margaritam
674 3177 851 3253 uestram,
876 3177 919 3237 et:
945 3192 1075 3238 manus
1096 3194 1140 3238 ne
1159 3174 1275 3237 facile
1296 3175 1360 3237 im-

321 3327 348 3396 5]
368 3325 402 3380 cf.
423 3330 436 3382 1
456 3327 515 3382 eor.
529 3330 553 3391 6,
569 3329 608 3381 12.
630 3331 670 3391 lo,
684 3330 724 3383 23.
790 3328 836 3395 21]
858 3330 869 3382 1
891 3327 949 3381 eor.
966 3330 1060 3391 1134.
1123 3328 1168 3397 25]
1187 3328 1283 3381 Matth.
1298 3331 1322 3393 7,
1335 3330 1358 3383 6.

215 3414 262 3483 26]
282 3417 295 3469 l
316 3414 477 3477 Τ111,5,22.
587 3459 589 3462 .

260 3557 273 3609 1
293 3553 403 3623 perinde
420 3555 533 3622 scripsi:
550 3553 661 3623 preinde
680 3556 708 3608 Β
761 3558 777 3608 3
796 3556 949 3623 competant
961 3554 1030 3624 Rip:
1049 3557 1182 3623 competat
1195 3556 1221 3608 Β
1275 3556 1359 3624 43ρί-

214 3640 301 3709 scepis
324 3642 389 3696 Ure:
407 3640 522 3710 episcopi
541 3629 583 3694 13'
638 3640 776 3694 efficium?
800 3641 966 3709 episcopatus
985 3641 1128 3694 aemulatio
1146 3643 1216 3695 Ion:
1238 3641 1359 3695 efficium

213 3728 389 3796 episcopatus.
417 3727 560 3781 aemulatio
588 3728 615 3781 Β
687 3731 703 3783 6
729 3730 761 3780 ut
788 3729 837 3781 del.
861 3729 916 3797 Rip
989 3731 1021 3783 lo
1043 3727 1205 3797 petulantiae
1233 3729 1358 3784 centeno

213 3813 334 3867 mulieris
351 3814 524 3869 Urs:mulier
535 3815 572 3879 Β,
584 3814 725 3867 mulierum
742 3814 793 3869 Gal
847 3816 879 3869 12
891 3813 991 3867 bestiae
1004 3814 1109 3867 uenerit
1121 3817 1176 3869 Inoa
1230 3818 1262 3870 14
1273 3814 1388 3885 Paule¹

218 3902 270 3958 Ura
322 3900 452 3969 inscripta
472 3902 584 3970 scripsi:
607 3902 705 3970 scripta
723 3901 758 3970 B,
782 3900 918 3969 adscripta
940 3903 991 3956 Urs
1045 3904 1108 3955 sunt
1126 3903 1162 3971 B,
1189 3901 1283 3970 legunt
1309 3903 1358 3957 Gal

215 3989 247 4043 15
267 3987 418 4055 exemplum
436 3990 517 4057 Bmp,
532 3988 591 4055 cer,
610 3988 778 4056 scriptumB
833 3987 983 4056 exemplum
1002 3987 1114 4041 Theclae
1133 3990 1182 4044 del.
1195 3990 1251 4059 Rip
1304 3989 1357 4042 tin-

213 4074 347 4143 gendique
376 4074 441 4130 cer.-
467 4074 590 4143 tingendi
617 4091 683 4143 quae
706 4077 734 4129 Β
797 4077 829 4130 17
858 4075 968 4129 titulum
995 4078 1067 4143 feet,
1095 4074 1188 4128 titulos
1213 4077 1357 4131 Honestius

214 4162 369 4215 conuictum
387 4162 457 4231 apud
475 4162 604 4215 Ioannem
623 4166 702 4230 atque
720 4164 776 4217 1311
846 4165 880 4217 20
899 4162 997 4215 discere
1018 4162 1081 4216 Gal:
1100 4162 1192 4215 decore
1211 4163 1245 4229 Β,
1270 4163 1357 4216 doceri

214 4250 358 4303 Harteliue
428 4252 462 4304 24
479 4249 590 4318 proinde
611 4250 663 4305 1113
727 4252 761 4305 26
780 4249 927 4317 margarita
945 4251 1036 4301 uestra
1056 4250 1116 4319 Urs,
1135 4250 1293 4319 margaritas
1312 4252 1356 4302 u‘e-

214 4338 284 4390 stras
301 4336 372 4391 Pam
