3200 5034
296 417 359 483 236
524 417 640 484 Quinti
659 418 800 488 Septimi
818 418 987 473 Florentis
1005 418 1207 474 Tertulliani

296 594 502 676 quantitatem
534 594 725 675 nominaret,
754 595 793 658 de
826 612 886 677 quc
910 614 1008 659 unum
1032 596 1157 677 quidem
1180 598 1299 679 perisse
1322 596 1433 660 descri-

295 698 393 778 beret,
417 717 544 762 necesse
567 702 643 779 erat,
667 703 703 764 ut
725 698 851 764 habitus
874 700 1060 782 requirentis
1084 700 1266 764 drachmam
1289 700 1322 764 in
1345 702 1433 765 domo

295 807 362 867 tam
396 820 561 885 scoparum
595 822 688 885 quam
726 805 872 869 lucernae
910 805 1099 870 adminiculo
1137 805 1432 869 adcommodaretur.

294 907 476 972 huiusmodi
505 908 589 971 enim
619 908 817 973 curiositates
848 911 879 973 et
910 912 1057 992 suspecta
1087 910 1208 974 faciunt
1230 910 1381 991 quaedam
1403 912 1435 973 et

239 1038 270 1077 ‚s
296 1015 475 1076 coactarum
506 1012 734 1095 expositionum
758 1013 933 1077 subtilitate
955 1014 1141 1096 plerumque
1164 1013 1321 1077 deducunt
1343 1032 1362 1077 a
1381 1033 1434 1077 ue-

293 1116 396 1181 ritate.
436 1119 509 1180 sunt
531 1120 648 1198 autem,
671 1136 751 1199 quae
775 1120 807 1181 et
830 1118 1014 1201 simpliciter
1035 1119 1137 1201 posita
1160 1121 1234 1182 sunt
1256 1117 1296 1181 ad
1315 1121 1434 1182 struen-

295 1221 367 1285 dam
395 1224 428 1285 et
450 1221 675 1304 disponendam
699 1225 731 1286 et
752 1222 920 1287 texendam
942 1221 1139 1305 parabolam,
1170 1225 1206 1286 ut
1221 1218 1302 1287 'illuc
1324 1224 1435 1307 perdu-

294 1328 419 1406 cantur,
453 1326 504 1389 cui
537 1326 714 1409 exemplum
748 1326 943 1409 procuratur.
986 1330 1017 1391 et
1046 1327 1106 1391 duo
1137 1327 1244 1408 utique
1274 1327 1334 1390 filii
1363 1327 1435 1390 illuc

294 1429 496 1513 spectabunt,
527 1448 588 1512 quo
611 1433 643 1494 et
665 1430 815 1495 drachma
838 1434 869 1495 et
891 1432 968 1495 ouis.
1016 1430 1129 1513 quibus
1153 1431 1238 1494 enim
1261 1432 1434 1511 cohaerent,

243 1559 268 1599 ιο
294 1534 426 1598 eandem
441 1534 560 1599 habent
582 1552 711 1611 causam
734 1536 929 1618 eandemque
952 1535 1060 1618 utique
1083 1535 1336 1600 mussitationem
1354 1535 1434 1599 Pha-

293 1640 466 1703 risaeorum
496 1657 570 1723 erga
599 1640 822 1704 commercium
853 1639 970 1705 domini
1002 1642 1033 1704 et
1064 1640 1270 1704 ethnicorum.
1325 1643 1379 1703 aut
1407 1639 1434 1702 si

294 1744 363 1824 quis
394 1742 516 1808 dubitat
546 1744 687 1808 ethnicos
717 1744 815 1808 fuisse
838 1744 1021 1827 publicanos
1054 1744 1136 1827 apud
1166 1744 1317 1809 Iudaeam
1346 1763 1434 1808 usur-

293 1850 402 1930 patam
427 1848 490 1910 iam
512 1847 633 1929 pridem
655 1848 797 1930 Pompeii
820 1866 916 1913 manu
944 1851 1037 1931 atque
1059 1849 1192 1929 Luculli,
1215 1850 1302 1933 legat
1320 1849 1434 1913 Deute-

293 1951 485 2015 ronomium:
517 1970 588 2015 non
619 1951 692 2017 erit
723 1953 889 2037 uectigal
920 1954 1086 2035 pendens
1117 1973 1157 2017 ex
1187 1954 1285 2018 filiis
1307 1953 1433 2017 Israel.

243 2081 267 2119 15
295 2075 352 2120 nec
375 2059 441 2119 tam
465 2055 636 2120 execrabile
660 2060 744 2121 esset
765 2074 880 2121 nomen
903 2057 1142 2140 publicanorum
1166 2059 1248 2140 apud
1264 2058 1433 2137 dominum,

294 2161 355 2224 nisi
384 2164 581 2241 extraneum,
616 2161 820 2226 uendentium
851 2163 949 2244 ipsius
979 2163 1057 2226 caeli
1088 2165 1119 2227 et
1149 2166 1250 2226 terrae
1280 2165 1313 2226 et
1342 2162 1433 2225 maris

294 2265 455 2329 transitus,
515 2268 694 2348 peccatores
730 2268 836 2329 autem
872 2284 943 2329 cum
979 2266 1121 2350 adiungit
1150 2266 1341 2350 publicanis,
1375 2284 1434 2331 non

293 2370 402 2434 statim
424 2370 556 2433 Iudaeos
579 2370 726 2451 ostendit,
750 2371 808 2435 etsi
831 2371 927 2453 aliqui
942 2371 1040 2435 fuisse
1055 2374 1234 2459 potuerunt.
1269 2372 1433 2435 sedunum

294 2493 393 2557 genus
417 2474 612 2538 ethnicorum
636 2474 713 2538 alios
737 2494 772 2538 ex
795 2474 896 2539 officio
919 2479 1098 2559 peccatores
1121 2476 1153 2540 id
1177 2479 1225 2539 est
1243 2475 1433 2557 publicanos,

242 2606 267 2645 eo
295 2579 371 2643 abes
395 2598 431 2642 ex
454 2582 569 2643 natura
590 2579 621 2642 id
638 2582 685 2643 est
701 2598 763 2644 non
778 2578 972 2662 publicanos,
995 2581 1112 2663 pariter
1127 2579 1270 2662 ponendo
1286 2579 1432 2644 distinxit.

294 2686 433 2748 ceterum
464 2702 521 2747 nec
551 2683 751 2747 denotaretur
781 2703 853 2748 eum
884 2684 1007 2749 ludaeis
1041 2685 1276 2749 communicans
1308 2686 1432 2763 uictum,

295 2788 349 2852 sed
373 2807 445 2851 cum
468 2788 613 2868 ethnicis,
641 2806 772 2870 quorum
795 2808 940 2855 mensam
962 2789 1091 2853 Iudaica
1114 2789 1277 2872 disciplina
1300 2789 1432 2873 depellit.

295 2911 377 2956 nunc
401 2892 438 2956 de
460 2892 523 2955 filio
546 2893 675 2975 prodigo
698 2894 729 2956 id
751 2893 839 2976 prius
862 2893 1124 2957 considerandum
1148 2896 1197 2957 est
1217 2892 1299 2975 quod
1319 2892 1430 2957 utilius.

294 2996 465 3060 nonenim
490 2996 674 3060 admittetur
705 2998 918 3080 exemplorum
949 2998 1148 3079 adaequatio,
1179 2997 1253 3061 licet
1282 2998 1315 3079 in
1346 2997 1434 3079 agina

242 3127 268 3166 a
291 3102 592 3185 congruentissima,
624 3102 650 3166 si
680 3102 775 3166 fuerit
804 3103 898 3167 saluti
928 3102 1161 3167 nocentissima.
1207 3105 1310 3166 totum
1333 3104 1431 3165 autem

295 3208 413 3269 statum
447 3206 557 3270 salutis
587 3206 620 3269 in
650 3209 757 3270 tenore
788 3206 971 3290 disciplinae
998 3206 1205 3270 constitutum
1229 3205 1369 3269 subuerti
1390 3206 1433 3267 ui·

295 3309 404 3373 demus
428 3328 465 3373 ea
486 3310 752 3393 interpretatione,
776 3330 855 3393 quae
879 3330 915 3374 ex
939 3311 1063 3375 diuerso
1087 3311 1270 3375 adfectatur.
1314 3310 1435 3373 namsi

296 3413 493 3478 Christianus
524 3416 648 3497 estqui
678 3419 839 3499 acceptam
863 3434 881 3479 a
904 3416 960 3480 deo
983 3418 1072 3498 patre
1096 3414 1307 3479 substantiam
1330 3415 1435 3496 utique

294 3518 504 3601 baptismatis,
526 3519 634 3601 utique
658 3520 783 3602 spiritus
808 3520 909 3584 sancti
932 3524 962 3584 et
979 3520 1088 3584 exinde
1104 3520 1170 3602 spei
1187 3522 1331 3583 aeternae
1346 3519 1434 3601 longe

242 3650 268 3689 ao
296 3626 448 3707 euagatus
465 3627 586 3707 apatre
609 3624 747 3707 prodigit
766 3626 889 3689 ethnice
905 3625 1025 3706 uiuens,
1050 3625 1076 3689 si
1093 3626 1202 3689 exutus
1218 3622 1309 3687 bonis
1325 3623 1434 3686 mentis

295 3728 389 3792 etiam
412 3728 545 3811 principi
569 3729 686 3792 saeculi
709 3728 772 3811 (cui
795 3729 848 3793 alii
871 3747 965 3810 quam
989 3728 1147 3812 diabolol)
1164 3726 1330 3791 seruitium
1346 3746 1434 3790 suum

294 3832 419 3897 tradidit
451 3836 482 3896 et
512 3832 551 3896 ab
583 3851 618 3897 eo
645 3834 747 3916 porcis
774 3833 904 3915 alendis,
931 3833 1101 3898 immundis
1133 3832 1253 3897 scilicet
1275 3831 1434 3915 spiritibus

401 3979 657 4048 mmmm

339 4114 352 4166 l
373 4109 534 4164 describeret
548 4111 611 4165 Gal:
629 4110 775 4165 describere
788 4113 816 4165 B
870 4113 885 4164 7
904 4110 1052 4180 perducant
1063 4113 1126 4180 fort.
1180 4114 1196 4166 9
1214 4108 1433 4179 spectabuntque

296 4198 360 4252 cer:
377 4197 554 4266 expectabunt
572 4198 641 4265 quod
660 4200 688 4253 B
759 4201 792 4253 10
810 4197 986 4267 eandemque]
1006 4198 1117 4252 eandem
1135 4200 1199 4267 fort.
1272 4199 1303 4252 11
1328 4198 1355 4249 et
1372 4196 1432 4249 cdd.

299 4286 425 4341 Oehlcm
478 4288 512 4341 22
531 4301 623 4339 mensa
643 4285 693 4340 Gal
744 4288 779 4340 24
797 4285 825 4339 in
845 4285 924 4353 agina
941 4287 977 4354 B,
996 4284 1107 4353 imagini
1130 4287 1182 4341 Urs
1241 4286 1273 4339 31
1294 4282 1340 4336 alii
1357 4296 1432 4350 quam

297 4373 360 4428 θεῖε
378 4372 543 4440 aliquamdiu
561 4374 589 4429 B
