3200 5034
408 410 454 465 IX.
474 410 518 463 De
537 410 660 462 ieiunio
679 408 837 462 aduersus
855 408 1028 477 psychicos
1048 410 1124 463 6-7,
1275 406 1337 471 281

177 569 287 671 vginta
316 586 426 651 diebus
457 585 651 667 totidemque
674 584 819 650 noctibus
843 602 938 667 supra
960 585 1118 649 humanae
1141 587 1270 649 naturae
1293 585 1339 647 sa-

198 694 348 756 cultatem
379 691 531 756 ieiunium
560 690 748 774 perennauit
780 689 913 772 spiritali
947 689 1007 752 fide
1041 690 1190 753 uirtutem
1221 689 1339 757 submi-

198 796 365 877 nistrante,
396 800 428 860 et
457 796 535 860 uidit
565 795 662 859 oculis
693 795 743 858 dei
773 794 906 877 gloriam
937 798 967 858 et
994 793 1115 858 audiuit
1138 793 1266 857 auribus
1290 794 1340 857 dei

197 919 307 965 nocem
338 905 368 965 et
398 901 489 965 corde
519 901 650 964 coniecit
675 900 726 963 dei
747 901 852 983 legem
875 900 938 962 iam
961 903 1036 963 tune
1060 899 1198 963 docentis
1222 916 1284 962 non
1306 900 1339 962 in

198 1006 366 1088 sclopano
389 1005 494 1069 uiuere
517 1005 691 1084 hominem,
722 1005 777 1068 sed
800 1004 833 1067 in
856 1004 942 1067 omni
964 1003 1060 1067 uerbo
1085 1003 1147 1083 dei,
1175 1021 1247 1067 cum
1270 1004 1339 1085 qui·
1378 1033 1390 1072 ⁵

198 1111 268 1174 dem
299 1128 357 1174 nec
386 1111 490 1193 ipsum
512 1110 645 1192 Moysen
671 1109 728 1173 deo
750 1111 877 1192 pastum
901 1108 1099 1189 inediamque
1122 1107 1188 1171 eius
1212 1109 1338 1172 nomine

198 1214 375 1297 saginatam
412 1217 593 1279 constanter
626 1214 832 1297 contemplari
865 1214 985 1276 ualeret
1017 1212 1161 1296 pinguior
1194 1213 1337 1295 populus.

198 1319 309 1384 merito
339 1318 435 1403 igitur
466 1318 561 1383 etiam
592 1318 624 1382 in
649 1336 742 1382 carne
765 1337 798 1382 se
822 1318 966 1382 dominus
990 1317 1018 1381 ei
1041 1316 1179 1381 ostendit
1201 1318 1338 1400 collegae

197 1423 383 1488 ieiuniorum
406 1440 545 1503 suornm,
569 1441 632 1487 non
655 1424 759 1487 minus
782 1426 814 1488 et
835 1422 955 1486 Heliae.
998 1440 1072 1486 nam
1096 1426 1127 1486 et
1149 1421 1258 1485 Helias
1281 1422 1339 1485 hoo

196 1528 343 1610 primum,
370 1527 453 1610 quod
475 1528 593 1591 famem
615 1528 718 1591 fuerat
739 1527 939 1609 imprecatus,
971 1527 1048 1590 satis
1071 1528 1134 1590 iam
1158 1545 1191 1589 se
1213 1526 1337 1589 ieiuniis
1366 1554 1390 1593 10

196 1635 336 1697 uouerat.
371 1632 482 1713 uiuit,
506 1632 616 1714 inquit,
640 1632 825 1712 dominus,
849 1631 909 1695 cui
925 1630 1066 1696 adsisto
1082 1632 1119 1695 in
1135 1634 1337 1713 conspeetu

197 1740 290 1817 eius,
322 1737 354 1800 si
381 1738 452 1801 erit
474 1755 533 1801 166
555 1737 641 1800 16116
666 1736 772 1800 annis
796 1739 832 1800 et
853 1734 980 1800 imber.
1027 1736 1139 1799 dehinc
1162 1736 1338 1799 minantem

195 1841 320 1906 lezabel
342 1842 466 1925 fugiens
489 1845 561 1925 post
583 1842 711 1905 unicum
734 1839 887 1924 pabulum
910 1844 941 1905 et
963 1844 1199 1923 potum,'quem
1224 1840 1262 1903 ab
1283 1858 1337 1904 an-

196 1948 265 2031 gelo
297 1947 530 2030 expergefactus
560 1947 738 2026 inuenerat,
773 1950 805 2009 et
834 1946 901 2029 ipse
931 1945 1138 2028 quadraginta
1167 1944 1276 2009 diebus
1307 1947 1338 2009 et

196 2050 340 2115 noctibus
363 2068 462 2115 uacuo
485 2041 613 2131 uentre,
637 2050 722 2114 arido
746 2067 798 2114 ore
820 2050 964 2132 peruenit
986 2051 1018 2113 in
1041 2052 1180 2113 montem
1205 2048 1336 2129 Choreb,
1365 2077 1389 2115 1s

195 2155 249 2219 ubi
280 2174 352 2219 eum
382 2155 416 2217 in
444 2155 625 2238 speluncam
649 2154 850 2234 deuertisset,
880 2172 974 2236 quam
997 2154 1145 2217 familiari
1167 2172 1337 2236 congressu

196 2259 245 2322 dei
275 2261 421 2342 exceptus
450 2261 512 2324 esti
557 2260 644 2341 quid
674 2263 714 2323 tu
736 2259 848 2323 Helia
877 2258 958 2322 hio?
989 2259 1088 2322 multo
1119 2258 1247 2322 amicior
1276 2259 1337 2321 ista

195 2382 255 2427 11611
290 2381 384 2445 qnam
414 2361 531 2427 Adam
567 2363 631 2427 ubi
662 2367 721 2427 es?
766 2363 821 2427 illa
851 2363 935 2426 enim
965 2366 1053 2445 pasto
1088 2362 1207 2426 homini
1236 2363 1337 2427 mina-

194 2467 297 2547 batur,
322 2466 383 2531 ista
405 2465 515 2530 ieiuno
530 2466 759 2531 blandiebatur.
804 2469 892 2530 tanta
916 2470 963 2530 est
985 2466 1211 2548 circumscripti
1235 2467 1336 2530 nictus
1428 2539 1432 2548 Ι

194 2571 422 2654 praerogatiua,
453 2573 488 2634 111
514 2571 608 2634 deum
631 2574 770 2654 praestet
792 2572 910 2635 homini
934 2571 1198 2651 contubernalem,
1229 2588 1336 2653 parem
1364 2600 1390 2639 ao

194 2692 304 2738 reuera
325 2675 402 2758 pari.
449 2674 476 2738 si
500 2674 585 2739 enim
609 2675 684 2739 deus
708 2679 854 2739 aeternus
883 2692 945 2739 non
976 2676 1106 2755 esuriet,
1137 2679 1173 2740 nt
1203 2678 1337 2739 testatur

193 2798 249 2861 per
272 2779 408 2859 Esaiam,
431 2780 490 2843 hoo
513 2780 571 2843 erit
593 2783 729 2863 tempus,
752 2797 813 2861 qno
836 2780 930 2844 homo
953 2780 1010 2844 deo
1034 2779 1233 2862 adaequetur,
1265 2799 1336 2844 curn

193 2883 260 2946 sine
282 2882 397 2966 pabulo
420 2884 509 2948 uiuit.

236 2986 266 3051 7.
290 2987 506 3052 Processimus
529 2989 634 3069 itaque
658 2988 721 3051 iam
745 2988 783 3052 ad
807 2990 959 3071 exempla,
982 2988 1029 3053 uti
1051 2990 1251 3053 reuoluamus
1275 2991 1336 3054 uti-

192 3090 292 3155 litatis
316 3091 455 3155 efficacia
473 3095 647 3175 potestates
667 3093 757 3157 istius
773 3093 878 3174 officii,
902 3094 983 3175 quod
1001 3094 1095 3157 etiam
1111 3094 1227 3158 iratum
1243 3094 1337 3157 deum
1363 3122 1388 3160 es

192 3194 311 3258 homini
333 3195 523 3259 reconciliat.
556 3195 729 3277 deliquerat
742 3197 843 3261 lsrael
865 3198 897 3261 in
921 3198 1087 3279 aquatione
1104 3198 1186 3281 apud
1202 3198 1337 3281 Maspha

192 3302 400 3382 congregatus
424 3318 443 3363 a
465 3298 620 3379 Samuele,
648 3302 702 3364 sed
725 3302 769 3364 ita
792 3302 901 3366 statim
925 3302 1073 3366 delictum
1095 3303 1210 3367 ieiunio
1234 3303 1335 3383 diluit,

192 3406 228 3467 ut
249 3404 424 3485 periculum
447 3406 555 3487 proelii
578 3406 672 3470 simul
696 3406 820 3489 fugerit.
857 3425 929 3470 oum
952 3407 1088 3471 maxime
1112 3407 1238 3472 Samuel
1261 3407 1336 3471 offe-

191 3507 281 3572 rebat
310 3508 528 3572 holocaustum
559 3507 606 3590 (in
636 3511 720 3574 nullo
752 3511 852 3593 magis
884 3514 1082 3593 procuratam
1113 3511 1256 3575 audimus
1287 3513 1335 3575 dei

191 3610 392 3676 elementiam
416 3630 509 3694 quam
530 3613 561 3676 in
579 3613 771 3678 abstinentia.
785 3615 905 3698 populi)
929 3619 961 3679 61
977 3616 1126 3699 allophyli
1141 3616 1257 3700 proelio
1281 3616 1335 3679 ad·
1362 3642 1388 3682 66

192 3715 377 3797 monebant,
409 3716 526 3780 ibidem
558 3718 703 3781 dominus
734 3718 869 3783 intonuit
899 3736 975 3783 uoce
1006 3738 1121 3803 magna
1144 3739 1236 3802 super
1260 3720 1335 3783 allo-

298 3870 448 3939 11]1Reg.
464 3874 542 3937 17,1.
581 3872 625 3941 17]
638 3871 704 3927 ibid.
719 3877 760 3937 19,
773 3875 797 3929 9.
836 3874 880 3943 18]
895 3873 961 3929 Gen.
974 3878 998 3939 3,
1011 3876 1035 3929 9.
1076 3875 1122 3945 22]
1136 3874 1170 3929 cf.
1183 3875 1226 3929 Es.
1240 3878 1333 3941 41128,

192 3956 548 4027 26]ef.1Sam.7‚5sqq.
844 3972 846 3978 ’

235 4098 251 4151 6
269 4096 438 4166 inediamque
459 4098 522 4153 ou.-
540 4098 707 4168 mediamque
725 4100 752 4154 B
806 4101 915 4154 numine
938 4102 990 4157 Urs
1044 4104 1076 4157 16
1095 4100 1247 4171 speluncam
1266 4104 1335 4157 Ian:

190 4183 318 4252 spelunca
335 4186 363 4238 B
433 4187 467 4239 26
484 4184 598 4254 Maspha
615 4187 700 4240 Pone:
721 4186 847 4256 Masphat
865 4189 906 4255 B,·
927 4190 967 4244 stc
985 4190 1066 4243 ettam
1083 4190 1161 4257 infru
1231 4191 1263 4243 27
1287 4191 1333 4243 sed

190 4287 242 4325 om.
262 4272 334 4325 Pom
395 4273 429 4327 28
448 4270 548 4339 fugerit
566 4273 728 4328 Harrisius:
745 4273 847 4328 fuderit
864 4276 892 4328 B
949 4277 982 4330 30
1000 4274 1028 4328 in
1047 4276 1146 4330 addidi
1202 4275 1333 4344 proelium

190 4357 249 4411 Lat
301 4360 333 4412 31
353 4356 454 4411 ibidem
472 4358 532 4427 ΒΟ,
551 4358 588 4412 ibi
607 4359 716 4413 demum
736 4361 786 4415 cer
