3200 5034
555 440 630 493 VIII.
650 441 694 494 De
713 439 877 509 pudicitia
897 443 936 494 lo.
1254 438 1316 502 265

174 638 245 683 non
277 618 369 682 facit
398 617 592 698 delictum,
623 616 710 699 quia
733 616 941 707 semen-dei
964 619 1089 679 manet
1111 616 1148 678 in
1171 615 1251 695 illo,
1282 618 1317 680 et

83 784 88 791 .
174 742 245 787 non
268 726 394 806 potest
421 722 652 804 delinquere,
684 722 771 803 quia
793 740 834 785 er
858 721 924 784 deo
947 723 1057 784 natus
1081 722 1145 783 est.
1192 719 1229 783 in
1251 719 1317 783 hoe

174 827 368 892 manifesti
395 831 483 890 sunt
505 826 582 890 filii
605 826 667 889 dei‘
687 829 723 889 et
746 825 821 889 filii
844 824 991 888 diaboli.
1038 824 1071 887 in
1095 842 1165 906 quo,
1189 824 1249 887 nisi
1272 823 1317 887 illi

175 951 237 996 non
268 931 491 1013 delinquendo,
523 950 558 993 ex
586 947 647 1012 quo
671 931 709 994 de
733 930 790 994 deo
814 930 881 993 nati
904 933 991 1009 sunt,
1022 928 1075 993 isti
1098 928 1316 1011 delinquendo,

174 1037 248 1117 quia
278 1036 315 1099 de
346 1035 469 1099 diabolo
500 1038 590 1115 suut,
624 1035 753 1118 perinde
787 1038 882 1116 atque
916 1034 943 1097 si
977 1051 1149 1114 numquam
1184 1032 1248 1097 sint
1281 1052 1316 1096 ex
1344 1059 1356 1097 s

174 1141 231 1204 deo
259 1140 344 1204 nati?
389 1140 471 1221 quod
495 1141 521 1203 si
544 1139 631 1219 dicit,
662 1139 725 1221 qui
748 1156 821 1223 nen
845 1141 902 1201 est
925 1137 1063 1217 iustus,
1095 1156 1135 1202 ex
1158 1137 1223 1202 deo
1246 1156 1316 1201 non

174 1249 247 1325 est,
282 1244 335 1326 qui
369 1262 431 1309 non
464 1244 613 1328 pudicus,
648 1243 803 1325 quemodo
840 1260 949 1305 rursus
988 1260 1023 1305 ex
1061 1242 1117 1305 deo
1155 1240 1226 1321 fiet,
1265 1241 1317 1323 qui

173 1350 238 1412 iam
269 1367 337 1412 esse
366 1347 477 1412 desiit?
523 1348 611 1411 iuxta
640 1351 689 1411 est
718 1348 813 1430 igitur
844 1350 880 1410 ut
910 1345 1059 1410 excidisse
1091 1345 1150 1409 sibi
1176 1346 1316 1409 dicamus

173 1453 349 1517 Iohannem
370 1452 403 1516 in
425 1451 562 1535 primore
585 1451 713 1533 quidem
744 1450 877 1533 epistola
901 1454 1071 1533 negantem
1093 1468 1149 1513 nos
1173 1449 1240 1513 sine
1264 1449 1317 1513 de-

174 1558 248 1621 licto
276 1576 359 1636 esse,
390 1575 474 1620 nunc
497 1572 571 1619 uero
594 1554 861 1638 praescribentem
892 1573 954 1618 non
978 1554 1157 1635 delinquere
1180 1553 1316 1633 omnino,
1345 1581 1370 1619 lo

175 1666 207 1725 et
228 1661 291 1725 illic
314 1660 441 1743 quidem
464 1660 582 1742 aliquid
606 1660 643 1724 de
666 1660 760 1723 uenia
773 1658 999 1738 blandientem,
1023 1659 1073 1722 hio
1088 1676 1161 1723 uero
1178 1657 1318 1721 districto

174 1770 342 1849 negantem
369 1764 449 1829 filios
480 1765 529 1828 dei
559 1765 748 1846 quicumque
781 1764 975 1845 deliquerint.
1023 1762 1077 1827 sed
1107 1761 1197 1826 absit.
1243 1780 1317 1826 nam

174 1889 233 1933 neo
254 1870 314 1952 ipsi
338 1869 506 1933 excidimus
527 1887 622 1950 aqua
637 1869 769 1953 digressi
784 1887 893 1932 sumus
911 1867 1108 1931 distinctione
1125 1867 1316 1931 delictorum.

174 1979 207 2038 et
228 1962 386 2038 hic'euim
408 1974 496 2037 illam
518 1974 674 2038 Iohannes
698 1973 943 2053 commendauit,
972 1971 1055 2053 quod
1077 1972 1141 2035 sint
1164 1972 1317 2053 quaedam

174 2079 290 2143 delicta
312 2078 485 2143 cotidianae
508 2078 704 2158 incursionis
728 2076 841 2159 quibus
865 2096 974 2141 omnes
994 2077 1093 2140 simus
1110 2076 1233 2139 obiecti.
1268 2075 1318 2139 eui
1346 2104 1371 2142 15

114 2198 117 2206 ·
175 2184 260 2247 enim
283 2202 345 2247 nou
369 2182 488 2246 accidet
511 2186 565 2247 aut
586 2183 679 2246 irasci
701 2183 805 2264 inique
830 2186 861 2245 et
883 2183 967 2245 ultra
990 2182 1064 2245 solis
1086 2198 1241 2260 oceasum,
1265 2183 1320 2243 aut

174 2293 206 2353 et
236 2306 367 2351 manum
396 2288 564 2351 immittere
594 2289 649 2351 aut
673 2286 764 2351 facile
788 2286 974 2350 maledicere
998 2289 1053 2349 aut
1075 2289 1193 2349 temere
1216 2285 1317 2348 iurare

174 2396 230 2457 aut
252 2392 347 2455 fidem
369 2392 453 2475 pacti
475 2393 635 2455 destruere
659 2395 714 2455 aut
735 2391 924 2455 uerecundia
948 2394 1001 2454 aut
1024 2390 1211 2453 necessitate
1231 2407 1318 2452 men-

173 2497 247 2561 tiri?
293 2498 326 2559 in
348 2497 492 2579 negotiis,
519 2498 552 2560 in
576 2495 697 2575 officiis,
724 2496 757 2559 in
782 2499 923 2577 quaestu,
951 2496 984 2558 in
1007 2495 1103 2574 uictu,
1127 2495 1159 2557 iu
1181 2494 1262 2575 nisu,
1285 2494 1318 2556 in

174 2602 286 2666 auditu
309 2605 425 2683 quanta
447 2604 662 2683 temptamur?
690 2604 736 2680 ut,
760 2601 786 2663 si
809 2601 896 2664 nulla
919 2600 960 2664 sit
982 2599 1075 2663 uenia
1097 2599 1240 2678 istorum,
1264 2617 1318 2661 ne·
1346 2624 1371 2664 πο

173 2706 252 2769 mini
283 2706 368 2769 salus
399 2709 566 2789 competat.
612 2705 723 2769 horum
753 2722 825 2787 ergo
850 2705 909 2767 erit
931 2704 1024 2768 uenia
1046 2722 1101 2786 per
1119 2706 1318 2766 exoratorem

172 2809 273 2893 patris
297 2809 466 2874 Christum.
503 2812 577 2873 sunt
600 2812 707 2872 autem
731 2812 762 2872 et
784 2809 940 2872 contraria
962 2808 1041 2888 istis,
1065 2811 1101 2871 ut
1122 2807 1266 2891 grauiora
1288 2809 1319 2870 et

174 2914 315 2993 exitiosa,
332 2931 411 2995 qnae
423 2914 549 2976 ueniam
562 2930 624 2977 non
636 2913 773 2995 capiant,
788 2912 1002 2992 homicidium,
1018 2912 1205 2992 idololatria,
1221 2912 1318 2990 fraus,

173 3018 312 3102 negatio,
334 3016 541 3099 blasphemia,
565 3018 672 3098 ntique
696 3020 727 3080 et
750 3016 893 3081 moechia
916 3020 948 3079 et
969 3016 1144 3095 fornicatio,
1169 3016 1242 3079 etsi
1258 3033 1320 3097 qua

174 3123 236 3187 alia
265 3121 391 3185 uiolatio
418 3121 528 3204 templi
551 3121 608 3184 dei.
654 3121 767 3184 horum
790 3121 875 3184 ultra
898 3123 1039 3184 exorator
1062 3138 1124 3184 non
1148 3119 1207 3183 erit
1230 3120 1319 3185 Chri·
1345 3144 1371 3183 es

173 3230 258 3299 stus3
281 3227 359 3289 haec
381 3244 443 3289 uon
467 3226 612 3289 admittet
635 3225 771 3304 omnino,
795 3225 849 3306 qui
872 3230 965 3288 natus
989 3244 1025 3287 er
1048 3225 1105 3288 deo
1128 3224 1232 3304 fuerit,
1256 3242 1318 3287 non

172 3332 299 3394 futurus
331 3330 379 3393 dei
406 3329 504 3410 filius,
536 3330 563 3392 si
594 3329 763 3392 admiserit.
811 3329 856 3391 ita
878 3329 1027 3392 Iohannis
1058 3329 1137 3392 ratio
1161 3328 1319 3392 constabit

174 3434 382 3514 diuersitatis,
414 3433 648 3497 distinctionem
675 3433 861 3497 delictorum
885 3432 1093 3514 disponentis,
1125 3450 1197 3495 cum
1220 3432 1318 3495 deliu-

173 3557 269 3619 quere
292 3537 372 3602 lilios
395 3539 444 3601 dei
467 3556 551 3602 nunc
573 3537 696 3617 adnuit,
727 3555 811 3600 nunc
835 3536 955 3600 abnuit.
1001 3536 1210 3619 prospiciebat
1234 3536 1317 3599 enim

174 3644 351 3707 clausulam
380 3644 557 3707 litterarum
587 3660 725 3722 suarum,
756 3646 787 3706 et
813 3643 859 3706 illi
886 3640 1105 3723 praestruebat
1126 3641 1183 3705 hos
1207 3660 1317 3705 sensus
1345 3666 1371 3706 eo

174 3748 313 3811 dicturus
329 3748 361 3809 in
380 3746 442 3811 fine
459 3747 670 3811 manifestius:
695 3747 726 3810 si
749 3746 832 3827 quis
857 3728 929 3809 scit
951 3746 1107 3809 fratrem
1131 3764 1237 3809 suum
1261 3745 1318 3808 de-

173 3852 347 3933 linquere
371 3852 548 3916 delictum
571 3870 642 3915 non
659 3851 703 3914 ad
719 3855 892 3931 mortem,
915 3850 1138 3934 postulabit,
1163 3852 1198 3913 et
1213 3849 1318 3913 dabit

173 3993 176 4000 '
281 3997 308 4066 e]
330 3997 489 4062 110h.1,8.
543 3997 588 4066 31]
609 3967 621 4052 r
643 3998 699 4051 Ioh.
713 4001 738 4061 5,
752 3999 793 4052 re.

171 4128 174 4134 '
220 4128 364 4197 5perinde
380 4130 445 4183 Urs:
462 4127 573 4196 proinde
586 4129 613 4182 Β
666 4128 817 4196 9primore
833 4128 895 4183 Gal:
913 4127 999 4195 priore
1012 4128 1039 4181 B
1093 4128 1235 4194 negantem
1255 4127 1318 4181 Get.-

175 4219 290 4283 negante
309 4216 336 4269 B
399 4217 431 4269 16
450 4213 552 4267 accidet
574 4216 639 4270 Urs:
657 4214 764 4267 accedet
782 4215 810 4268 Β
875 4217 908 4269 27
927 4214 1021 4267 Ioanni
1042 4214 1091 4267 Get
1153 4216 1187 4269 28
1206 4213 1317 4266 diuersi-

175 4302 241 4354 tatis
262 4302 325 4356 Get:
343 4300 512 4355 diuersitates
530 4303 558 4356 B
629 4301 780 4369 disponenti
801 4302 851 4355 Get
922 4302 955 4355 30
973 4298 1158 4369 praestruebat
1179 4300 1241 4355 Gal:
1258 4316 1317 4369 per·

176 4388 297 4441 struebat
316 4391 342 4441 B
