3200 5034
279 415 321 480 60
506 416 621 483 Quinti
641 416 780 486 Septimi
798 418 965 471 Florentis
985 417 1187 471 Tertulliani

278 592 311 655 in
333 595 539 674 per-uersum?
562 593 654 656 multi
676 593 760 657 bona
782 592 852 673 fide,
873 591 882 679 ΙΙ
905 594 1002 659 immo
1024 595 1088 657 iam
1110 595 1216 676 plnres
1239 611 1295 676 pro
1318 597 1420 659 extre-
1438 598 1495 654 11ν

278 697 441 760 mitatibus
468 700 654 780 temporum.
701 717 813 762 uerum
836 698 939 762 deficit
962 696 1153 783 adaelquatio
1176 699 1419 782 comparationis

276 801 375 864 istius
414 819 488 864 nam
511 801 548 865 de
572 803 655 866 malo
678 802 724 865 ita
746 805 869 866 constat
892 803 974 885 apud
997 821 1116 883 omnes,
1137 801 1141 888 Ι
1161 807 1198 866 ut
1212 822 1252 866 ne
1267 803 1328 884 ipsi
1351 803 1419 885 qui·

277 904 348 968 dem
370 905 425 986 rei,
450 906 503 986 qui
527 906 567 969 ad
590 907 710 970 malum
730 909 897 972 transeunt
912 910 944 970 et
959 925 978 970 a
991 907 1082 972 bonis
1097 908 1128 970 in
1144 925 1293 989 pemersa
1308 905 1420 992 diuert-

237 1034 250 1074 1
277 1012 358 1090 tunt,
382 1009 547 1074 defendere
563 1011 683 1074 malum
698 1029 754 1093 pro
769 1011 852 1075 bono
869 1011 1013 1075 audeant.
1059 1011 1164 1094 turpia
1177 1011 1294 1091 timori,
1308 1011 1420 1093 pudori

275 1111 395 1198 impiet
426 1114 553 1178 habent.
600 1115 733 1196 denique
767 1116 907 1198 gestiunt
939 1116 1047 1195 latere,
1082 1116 1226 1179 deuitant
1260 1133 1419 1199 apparere,
1489 1160 1492 1164 -

276 1218 433 1300 trepidant
457 1216 660 1303 deprelhensi,
691 1223 809 1304 negant
837 1219 989 1293 accusati3
1019 1239 1058 1283 ne
1081 1221 1155 1284 torti
1177 1219 1305 1300 quidem
1327 1220 1419 1283 facile

276 1325 330 1385 aut
358 1341 480 1404 semper
508 1322 705 1404 confitentur,
726 1327 732 1406 Ι
756 1326 839 1388 certe
867 1324 1009 1388 damnati
1036 1327 1184 1388 maerent.
1232 1323 1420 1407 exprobrant

276 1427 392 1490 etenim
415 1428 498 1509 quod
521 1430 610 1491 erant
631 1428 663 1492 in
687 1429 882 1511 semetipsos,
903 1425 908 1513 Ι
929 1430 1031 1492 malae
1052 1429 1168 1492 mentis
1185 1428 1224 1493 ab
1240 1429 1419 1493 innocentia

224 1557 249 1594 10
275 1532 443 1595 transitum
466 1532 518 1594 uel
541 1533 632 1596 astris
655 1533 795 1597 uellate
818 1533 987 1614 imputant.
1055 1533 1131 1596 adeo
1159 1534 1271 1597 nolunt
1298 1552 1391 1597 suum
1411 1531 1415 1619 Ι

274 1654 353 1716 esse,
382 1637 455 1717 quia
478 1637 597 1700 malum
620 1655 734 1721 negare
759 1653 822 1700 non
844 1641 987 1720 possunt,
1046 1636 1215 1702 Christiani
1241 1656 1316 1702 uero
1344 1638 1418 1721 quid

274 1741 337 1804 tale
360 1738 625 1825 conlsequunturl
660 1742 820 1805 neminem
849 1743 956 1823 pudet,
987 1741 1147 1805 neminem
1178 1743 1327 1825 paenitet,
1358 1743 1418 1807 nisi

275 1847 401 1908 tantum
423 1843 661 1930 pristinorum!
689 1847 715 1909 si
738 1846 915 1926 denotatur,
942 1847 1104 1929 gloriatur,
1134 1847 1160 1910 si
1182 1847 1326 1927 trahitur,
1354 1865 1417 1912 non

274 1949 427 2029 subsistit,
459 1950 485 2012 si
512 1953 686 2030 accusatur,
717 1967 779 2014 nou
810 1947 969 2034 dellendit,
1000 1950 1209 2034 interrogatus
1240 1950 1416 2032 confitetur,

160 2042 163 2050 ’
222 2077 247 2117 a
274 2053 440 2117 damnatus
460 2053 621 2136 gloriatur.
660 2054 742 2134 quod
757 2054 816 2118 hoc
831 2055 951 2118 malum
972 2050 976 2137 Ι
997 2057 1046 2118 est
1067 2055 1100 2118 in
1123 2072 1183 2137 quo
1207 2056 1283 2119 mali
1304 2059 1418 2119 natura

155 2151 174 2178 ’·
274 2159 397 2221 cessat?

152 2307 161 2326 ,,
251 2289 253 2292 ·
317 2259 347 2326 2,
371 2261 409 2324 In
432 2278 493 2342 quo
515 2261 575 2342 ipsi
596 2262 690 2326 etiam
706 2265 815 2326 contra
830 2262 965 2326 formam
979 2263 1216 2328 iudicandorum
1237 2265 1241 2344 Ι
1261 2265 1415 2327 malorum
1513 2277 1515 2285 ’

272 2365 425 2430 iudicatis.
458 2383 533 2429 narn
549 2369 697 2430 nocentes
714 2367 842 2447 quidem
853 2367 1030 2449 perductos
1048 2368 1075 2431 si
1087 2368 1261 2432 admissum
1273 2365 1414 2453 nogenti

273 2470 435 2533 tormentis
459 2469 577 2552 urgetis
598 2471 637 2534 ad
653 2470 892 2551 confessionem,
917 2470 1110 2537 Christianos
1126 2490 1200 2537 uero
1217 2476 1327 2555 sponte
1343 2491 1415 2536 oon-

220 2597 246 2636 11
272 2573 370 2638 fessos
391 2572 395 2660 Ι
415 2575 577 2639 tormentis
601 2575 807 2657 comprimitis
831 2576 870 2639 ad
893 2577 1100 2660 negationem.
1141 2595 1220 2658 qnae
1236 2580 1324 2642 tanta
1345 2597 1416 2659 per·

272 2678 417 2758 uersitaS,
433 2681 468 2742 ut
483 2675 679 2764 confeslsioni
693 2680 887 2764 repugnetis,
911 2683 1141 2745 tormentorum
1157 2680 1261 2746 officia
1275 2682 1415 2762 mutetis

271 2783 354 2868 grati
375 2801 465 2846 reum
488 2784 629 2864 euadere,
650 2780 654 2867 Ι
675 2784 812 2848 inuitum
835 2785 1058 2866 compellentes
1081 2789 1219 2869 negare?
1256 2786 1415 2868 praesides

273 2887 501 2968 extorquendae
524 2886 666 2951 ueritatis
691 2888 728 2950 de
749 2889 752 2968 Ι
774 2888 848 2952 solis
865 2889 955 2952 nobis
972 2889 1171 2953 mendacium
1186 2890 1357 2970 exquiritis,
1380 2893 1417 2954 ut

272 2991 412 3055 dieamus
436 3009 492 3056 nos
516 3008 578 3055 non
602 3010 670 3055 esse
694 2992 775 3073 quod
806 3011 926 3056 sumus.
955 2992 959 3077 Ι
988 2994 1106 3076 opinor,
1137 3011 1200 3058 non
1230 2994 1327 3058 uultis
1358 3012 1415 3058 nos

219 3118 244 3159 2⁵
272 3096 372 3159 malos
397 3114 465 3160 esse
487 3095 618 3176 ideoque
642 3096 766 3178 gestitis
789 3097 827 3160 de
850 3097 910 3161 isto
938 3098 1065 3160 nomine
1093 3095 1272 3182 excluldere.
1340 3116 1415 3162 sane

271 3201 390 3263 ceteros
421 3200 459 3262 ad
490 3200 549 3263 hoe
580 3200 707 3264 tenditis
739 3203 770 3264 et
801 3200 1000 3280 carnificatis,
1034 3205 1071 3265 ut
1101 3206 1218 3285 negent
1240 3203 1322 3283 quod
1346 3221 1414 3266 esse

272 3300 433 3389 dicunltur.
474 3305 583 3385 atquin
606 3304 668 3367 illis
692 3305 881 3387 negantibus
905 3323 968 3369 non
989 3306 1127 3369 creditis:
1152 3306 1253 3385 nobis,
1277 3307 1304 3369 si
1319 3325 1414 3390 nega-

271 3408 420 3487 uerimuS,
445 3408 553 3471 statim
573 3407 710 3472 creditis
731 3406 740 3493 ΙΙ
759 3409 786 3472 si
810 3410 887 3472 certi
908 3410 984 3473 estis
1006 3428 1063 3474 nos
1080 3410 1318 3474 nocentissimos
1335 3430 1414 3492 esse,
1433 3418 1476 3474 12

271 3531 325 3575 cur
349 3511 443 3575 etiam
465 3512 498 3576 in
521 3512 579 3575 hoo
603 3513 691 3576 aliter
715 3531 811 3594 quam
825 3516 994 3598 ,nocentes
1013 3512 1018 3598 Ι
1039 3514 1160 3579 anobis
1182 3515 1328 3598 agimur?
1352 3534 1415 3580 non

218 3641 244 3681 eo
271 3616 337 3680 dico
368 3616 450 3697 quod
480 3635 580 3698 neque
607 3617 798 3680 accusationi
821 3636 923 3698 neque
945 3619 1136 3683 recusationi
1160 3615 1307 3704 spaltium
1330 3637 1415 3683 oom-

270 3719 402 3784 modetis
434 3719 556 3802 (soletis
587 3721 783 3784 inaccusatos
816 3724 847 3784 et
876 3721 1055 3786 indefensos
1086 3740 1150 3786 non
1180 3726 1298 3787 temere
1326 3725 1415 3787 dam-

313 3926 424 3981 ebonis
447 3926 552 3996 Uesper
570 3928 718 3982 Boethius:
736 3926 813 3980 uobis
832 3930 859 3982 A
922 3932 937 3983 7
957 3929 1115 3999 deprehensi
1133 3931 1161 3984 A
1230 3933 1247 3985 8
1265 3934 1370 3986 merent
1387 3933 1414 3987 A

248 4013 416 4082 exprobant
437 4015 465 4068 A
535 4013 648 4068 emole
675 4015 702 4068 A
775 4016 807 4068 10
831 4014 874 4067 uel
896 4016 975 4069 astris
997 4034 1048 4071 oca
1066 4018 1102 4085 A,
1125 4034 1158 4072 coc
1180 4019 1261 4086 Apol.
1281 4023 1331 4074 c.1
1350 4019 1413 4074 cdd.

270 4102 304 4156 E.
318 4102 523 4156 Issassmcacas
578 4103 609 4156 12
623 4100 676 4154 tale
688 4103 898 4171 consequuntur]
912 4103 984 4156 tale?
1003 4107 1202 4172 consequuntur
1213 4105 1284 4173 quod
1303 4106 1415 4174 cupiunt

269 4190 343 4256 fort,
356 4187 409 4240 tale
422 4187 640 4256 conqueruntur?
653 4189 797 4243 Horteic'as
844 4190 947 4258 penitet
958 4191 986 4243 A
1028 4193 1062 4246 22
1075 4193 1145 4258 grati
1157 4193 1270 4261 saepae:
1281 4192 1366 4260 gratis
1378 4194 1414 4261 A,

270 4274 388 4342 urgeatis
400 4274 507 4343 Uesper
524 4276 659 4330 Boethius
712 4277 746 4329 26
759 4277 789 4328 ut
802 4292 835 4328 ne
848 4279 946 4344 negent
963 4277 1068 4346 Occpcr
1079 4281 1214 4334 Borthc'as
1268 4295 1324 4331 esse
1343 4279 1414 4346 quod

270 4377 326 4414 esse
347 4362 418 4418 Goth
472 4363 503 4418 31
524 4361 614 4415 soletis
633 4363 659 4414 et
680 4361 758 4431 Goth,
779 4361 869 4416 soletis
888 4363 953 4416 alias
970 4367 1034 4433 fort.
1089 4365 1155 4435 non]
1174 4381 1222 4418 nos
1239 4367 1371 4422 Wcsowa
