3200 5034
310 461 375 526 240
538 459 653 526 Quinti
671 460 811 529 Septimi
828 458 996 514 Florentio
1015 458 1217 513 Tertulliani

307 636 352 700 ita
382 639 444 716 est,
474 636 631 719 peccando
661 653 885 719 promeremur.
932 654 990 720 age
1018 639 1053 700 tu
1075 636 1261 700 funambule
1283 633 1446 717 pudicitiae

306 745 337 805 ct
359 740 514 805 cast‘tatis
538 743 571 805 et
593 740 695 805 omnis
716 741 799 804 circa
820 759 930 804 sexum
946 741 1134 821 sanctitatis,
1158 740 1212 823 qui
1227 740 1446 804 tenuissimum

304 844 393 909 filum
424 845 605 930 disciplinae
636 845 790 909 eiusmodi
819 846 887 909 ueri
917 845 988 909 auia
1011 845 1167 929 pendente
1189 844 1324 928 uestigio
1346 844 1447 926 ingre-

305 950 397 1029 deris,
421 968 547 1013 carnem
571 950 682 1033 spiritu
704 949 838 1030 libram,
868 950 1007 1013 animam
1029 948 1090 1013 fide
1112 950 1293 1029 moderans,
1323 948 1446 1011 oculum

255 1080 268 1119 ⁵
304 1056 392 1117 metu
414 1057 603 1137 temperans,
643 1054 718 1135 quid
740 1054 844 1136 itaque
867 1054 900 1117 in
923 1054 1023 1138 gradu
1045 1057 1131 1118 totus
1155 1056 1211 1117 es?
1244 1072 1338 1137 perge
1361 1070 1444 1132 sane,

305 1158 331 1222 si
360 1159 512 1239 potueris,
544 1158 570 1221 si
598 1158 750 1239 uolueris,
779 1158 855 1222 dum
885 1161 952 1222 tam
980 1176 1107 1222 securus
1131 1161 1163 1222 et
1185 1159 1274 1240 quasi
1295 1158 1328 1222 in
1351 1157 1444 1221 solido

304 1281 347 1325 es.
382 1279 457 1325 nam
480 1262 506 1326 si
529 1280 591 1344 qua
612 1265 645 1326 te
668 1262 770 1326 carnis
794 1263 963 1344 uacillatio,
987 1262 1085 1327 animi
1104 1262 1255 1343 auocatio,
1279 1261 1360 1326 oculi
1375 1279 1445 1325 eua-

304 1367 387 1450 gatio
410 1368 448 1430 de
470 1370 577 1431 tenore
601 1368 781 1448 decusserit,
806 1368 882 1432 deus
905 1368 1006 1432 bonus
1030 1371 1088 1431 est.
1123 1367 1199 1448 suis,
1222 1386 1285 1431 non
1306 1357 1463 1446 ethnicis,

304 1471 408 1534 sinum
432 1471 559 1546 subicit3
587 1472 724 1536 secunda
745 1475 776 1535 te
799 1471 992 1556 paenitentia
1015 1472 1159 1555 excipiet3
1191 1472 1251 1536 eris
1274 1472 1386 1535 iterum
1408 1470 1444 1533 de

253 1604 277 1641 ιο
304 1575 433 1639 moecho
457 1574 663 1640 Christianus.
702 1577 781 1640 haec
803 1580 839 1640 tu
862 1576 940 1640 mihi
962 1575 1188 1661 benignissime
1212 1575 1261 1639 dei
1281 1576 1441 1659 interpres.

304 1680 359 1742 scd
389 1680 530 1743 cederem
561 1680 632 1761 tibi,
667 1680 694 1744 si
725 1681 880 1763 scriptura
905 1680 1060 1761 Pastoris,
1095 1698 1174 1762 quae
1204 1681 1272 1745 sola
1302 1680 1442 1743 moechos

304 1786 400 1864 amat,
424 1783 529 1848 diuino
552 1784 763 1849 instrumento
786 1786 954 1849 meruisset
968 1785 1072 1865 incidi,
1097 1785 1202 1849 sinon
1219 1784 1257 1849 ab
1274 1784 1359 1848 omni
1375 1802 1443 1847 oon-

304 1887 374 1950 eilio
405 1888 622 1969 ecclesiarum,
652 1889 748 1952 etiam
778 1892 970 1969 uestrarum,
1000 1891 1080 1954 inter
1108 1889 1286 1972 apocrypha
1316 1891 1347 1952 ct
1368 1888 1444 1951 falsa

302 1991 507 2073 iudicaretur,
538 1993 679 2057 adultera
703 1994 825 2075 etipsa
848 1996 880 2057 et
902 1993 974 2057 inde
997 1996 1130 2076 patrona
1152 1993 1322 2073 sociorum,
1347 2010 1365 2055 a
1386 2009 1443 2073 qua

215 2136 218 2184 3
251 2124 275 2162 15
303 2099 335 2158 ct
358 2096 434 2160 alias
456 2096 602 2177 initiaris
626 2097 675 2161 cai
697 2097 761 2178 ille,
784 2098 812 2161 si
834 2098 924 2178 forte,
947 2096 1195 2180 patrocinabitur
1214 2100 1331 2180 pastor,
1355 2114 1442 2178 quem

302 2200 336 2262 in
366 2201 462 2265 calice
493 2201 651 2285 depingiS,
681 2202 920 2285 prostitutorem
951 2204 983 2265 et
1012 2202 1117 2285 ipsum
1145 2201 1315 2267 Christiani
1345 2218 1442 2263 sacra·

302 2305 417 2386 menti,
447 2305 559 2369 merito
590 2309 622 2369 ot
651 2306 814 2371 ebrietatis
845 2306 963 2371 idolum
992 2309 1024 2370 ct
1045 2305 1207 2370 moechiae
1231 2305 1354 2388 asylum
1375 2306 1443 2387 post

302 2409 432 2474 calicem
456 2408 690 2491 subsecuturae,
714 2411 753 2474 de
775 2429 837 2492 quo
860 2410 937 2475 nihil
960 2410 1109 2475 libentius
1132 2410 1222 2475 bibas
1244 2427 1339 2491 quam
1355 2426 1443 2472 ouem

301 2514 513 2596 paenitentiae
537 2515 700 2580 secundae.
740 2518 773 2579 at
795 2534 852 2599 ego
877 2515 943 2579 eius
966 2515 1101 2598 pastoris
1125 2514 1313 2597 scripturam
1328 2512 1441 2592 haurio,

250 2646 277 2685 so
303 2636 382 2699 quae
414 2635 476 2683 non
506 2622 611 2703 potest
638 2619 752 2702 frangi.
810 2620 892 2683 hanc
922 2620 999 2683 mihi
1030 2620 1138 2683 statim
1169 2618 1326 2683 Iohannes
1357 2616 1443 2681 offert

301 2740 374 2786 cum
400 2722 611 2805 paenitentiae
633 2724 758 2788 lauacro
783 2727 815 2787 et
838 2723 939 2788 officio
963 2724 1134 2788 dicentem:
1165 2723 1282 2787 facite
1314 2722 1442 2805 dignos

302 2828 562 2910 paenitentiae
585 2828 746 2908 fruetuS,
770 2831 807 2891 ct
829 2847 873 2891 ne
897 2827 1084 2908 dixeritis,
1108 2830 1253 2910 patrem
1268 2825 1443 2891 hahemus

301 2931 490 2995 Abraham
520 2934 572 3014 (ne
602 2933 720 2996 scilicet
749 2951 876 2996 rursum
902 2932 1117 2996 blandimenta
1147 2931 1379 3013 delinquentiae
1409 2930 1443 2991 de

301 3039 427 3119 patrum
442 3040 640 3101 resumerent
654 3036 783 3120 gradal:
807 3039 935 3120 potest
955 3036 1052 3099 enim
1075 3036 1164 3100 deus
1188 3036 1231 3099 dc
1253 3034 1442 3118 lapidibus

249 3167 275 3206 25
302 3140 388 3204 istis
418 3141 522 3205 filios
558 3141 746 3205 suscitare
774 3139 958 3204 Abrahae.
1005 3141 1050 3205 sio
1082 3144 1114 3204 et
1143 3157 1199 3204 nos
1227 3140 1381 3221 sequitur,
1411 3141 1443 3201 ut

302 3262 369 3324 cos,
402 3246 455 3326 qui
484 3246 636 3309 hactenus
667 3245 863 3326 delinquant,
893 3244 1046 3309 facientes
1077 3244 1207 3327 dignum
1234 3243 1442 3325 paenitentiae

302 3348 449 3413 fructum.
495 3350 568 3432 quid
591 3350 676 3413 enim
700 3369 735 3413 cr
757 3349 953 3431 paenitentia
976 3348 1158 3413 maturescit
1181 3366 1276 3430 quam
1300 3349 1442 3411 emenda-

301 3453 395 3517 tionis
419 3454 572 3519 effectus?
605 3454 661 3519 sed
684 3456 716 3518 et
738 3454 765 3517 si
787 3454 879 3518 uenia
901 3454 1005 3535 potius
1026 3457 1074 3518 est
1088 3452 1299 3536 paenitentiae
1314 3452 1442 3530 fructus,

301 3558 395 3622 hano
415 3577 538 3641 quoque
568 3559 738 3624 consistere
769 3576 833 3622 non
859 3558 933 3622 licet
956 3559 1023 3623 sino
1047 3557 1220 3622 cessatione
1244 3557 1358 3622 delicti.
1402 3556 1443 3619 ita

249 3688 276 3728 oo
303 3663 434 3727 cessatio
450 3663 556 3727 delicti
570 3663 656 3727 radix
672 3667 720 3727 est
734 3663 855 3744 ueniae,
876 3666 912 3728 ut
926 3662 1019 3727 uenia
1035 3662 1076 3727 eit
1090 3661 1298 3744 paenitentiae
1313 3662 1439 3725 fruetus

406 3824 453 3895 21]
472 3827 569 3897 Matth.
584 3829 609 3891 3,
623 3828 639 3882 8
652 3843 708 3896 sqq.

346 3974 453 4030 3filum
466 3974 670 4030 GebfiliumB
718 3972 1192 4045 disciplinaoeeripsc':disciplinaB
1239 3972 1300 4026 auia
1312 3970 1440 4041 pendente

305 4063 368 4117 Gal:
386 4078 402 4115 a
419 4078 481 4115 uere
499 4063 545 4115 uia
562 4061 723 4130 pendentem
741 4063 769 4115 B
832 4066 945 4130 5perge
965 4078 1027 4115 sane
1047 4062 1111 4117 Get.-
1128 4076 1256 4129 pergesnc
1274 4062 1301 4115 B
1355 4062 1440 4115 litam

304 4149 481 4205 deustchen
504 4150 531 4204 B
601 4148 763 4218 9orcipiet;
787 4148 840 4201 eris
864 4149 928 4204 Get:
950 4149 1038 4217 excepi
1061 4148 1171 4201 caeteris
1189 4148 1217 4203 B
1289 4149 1320 4202 ll
1340 4147 1364 4200 si
1380 4145 1439 4201 add.

304 4237 355 4291 Ger
417 4238 448 4290 17
467 4236 564 4290 asilum
582 4236 626 4302 (=
645 4230 750 4304 οἶστρον)
767 4236 824 4305 Rip
889 4238 922 4292 18
939 4235 1008 4289 libas
1030 4236 1081 4291 Urs
1152 4236 1184 4290 19
1203 4233 1363 4303 scripturam
1383 4234 1441 4288 cer.-

302 4323 447 4392 scripturae
464 4324 492 4377 B
544 4326 579 4378 20
597 4322 644 4391 qui
658 4322 709 4377 Gal
760 4322 833 4375 hunc
849 4323 901 4378 Urs
954 4325 986 4378 21
1007 4322 1097 4376 dicens
1115 4322 1294 4377 Hurauclca'as
1347 4324 1380 4377 25
1398 4334 1441 4374 nos

302 4411 338 4478 B,
362 4424 423 4462 mor
440 4410 506 4479 Rip,
523 4425 586 4463 oues
603 4413 668 4480 sort.
